2340 4036
166 280 211 344 74
425 272 578 345 ECLOGA
600 271 635 334 ΙΙ.
658 277 803 334 66-68,

166 459 275 498 munem
302 439 531 500 consuetudinem
559 439 704 511 veniebat,
737 443 883 519 pottommr
911 440 947 499 od
977 460 1063 500 usum

167 543 222 602 lea
242 541 397 600 obsoletum
421 542 537 601 redibat
572 541 708 621 Optimo
729 541 752 612 Ι,
769 548 826 613 78.

250 649 396 704 66-68.
438 643 511 702 ΙΙιιιιι
534 644 584 702 hos
606 652 636 702 ot
656 642 760 702 similer
781 661 797 702 e
819 646 934 720 pectore
955 657 1063 719 quoru-

165 741 209 802 tas
229 761 315 804 voees
341 743 474 822 exprimit
499 750 529 802 et
550 742 662 804 fistulae
689 743 786 804 modos
808 742 922 812 miscet,
956 761 1063 822 vesper

165 843 345 922 surrepebot,
379 851 410 902 et
430 864 518 922 prope
544 843 631 926 fugos
651 851 781 924 aratores
808 843 891 906 villae
911 843 948 902 ab
970 863 1062 922 opero

165 943 273 1002 rustico
299 944 437 1004 redibant.
482 945 565 1006 Circo
586 945 751 1018 solstitium,
784 965 867 1024 quam
888 943 1009 1004 narcissi
1031 965 1061 1006 v.

165 1051 207 1106 48
224 1045 321 1104 *denuo
333 1043 478 1118 florerent,
501 1047 602 1106 iterum
623 1047 758 1106 orabatur
771 1045 1059 1119 aiveitcrabatur,

165 1147 411 1226 effringebatur
431 1148 487 1208 Lb.
500 1149 522 1220 Ι,
545 1156 596 1209 47.
640 1148 746 1209 Eodem
767 1148 850 1206 modo
872 1147 946 1226 apud
958 1147 1060 1206 'lireo-

164 1247 264 1307 critum
290 1249 437 1320 XV1,94
464 1249 563 1308 diebus
589 1249 799 1319 solstitialibus,
832 1267 916 1328 quum
943 1249 1061 1310 cicadae

80 1367 82 1380 ·
165 1353 308 1427 strepunt,
340 1367 412 1430 ager
440 1369 507 1410 vere
533 1350 706 1432 proscissus,
735 1349 919 1422 rescinditur,
949 1357 983 1410 ut
1007 1371 1061 1410 orr-

164 1455 276 1508 otumoo
297 1456 424 1510 scrutare

231 1589 314 1657 Apta,
333 1605 438 1658 precor,
457 1587 541 1656 segeti
557 1589 609 1642 sint
625 1605 686 1642 roro
703 1587 820 1656 novalia,
839 1591 942 1660 qnando

230 1676 331 1727 Arbore
348 1674 382 1726 rie
397 1689 497 1727 surnma
512 1691 638 1728 resonans
654 1675 703 1728 sub
720 1677 776 1728 soie
791 1677 881 1729 cicada

231 1760 365 1812 Pastorem
382 1760 510 1812 observat.
573 1763 575 1772 ’

163 1905 228 1970 Quo
250 1911 376 1986 tempore
398 1903 484 1966 boves
506 1903 541 1965 ab
563 1925 650 1985 opere
671 1905 906 1987 disjungebantur
913 1935 924 1979 5
943 1908 1058 1980 βουλυ-

163 2025 216 2076 τος
223 2049 232 2078 ,
255 2015 379 2066 aratrum
400 2001 596 2082 suspensum
617 2007 677 2069 sive
699 2009 841 2069 inversum
864 2015 893 2066 et
913 2007 1058 2068 firreiiiota

163 2108 245 2166 troiia
266 2115 406 2186 portatum
432 2109 506 2188 jugo
532 2109 724 2167 retrahebant.
768 2109 861 2173 Etiam
889 2109 1057 2174 foenerator

163 2207 274 2266 Horatii
295 2209 403 2288 gaudet
422 2209 513 2288 Epod.
535 2207 571 2280 ΙΙ,
594 2216 650 2270 63ι
718 2232 724 2243 ·

230 2348 326 2402 Videre
342 2347 425 2408 sessos
443 2365 573 2406 vomerem
589 2349 720 2404 inversum
736 2348 817 2404 bores

282 2434 372 2486 (Collo
389 2433 519 2492 trahentes
537 2433 669 2502 languido.

162 2562 246 2622 Circo
276 2561 426 2626 solstitium
453 2549 579 2620 hominos
609 2561 746 2633 nmtioos,
782 2562 926 2624 Palladius
954 2571 1055 2626 auctor

161 2670 220 2734 ost,
251 2663 299 2741 qui
321 2661 468 2724 metientes
498 2661 621 2724 umbram
641 2681 721 2720 suom
743 2663 779 2722 do
801 2669 928 2744 tempore
945 2666 1053 2745 judico·

161 2763 230 2822 boot
249 2763 303 2823 Lo.
326 2763 374 2834 ΙΙΙ,
397 2769 469 2834 327,
492 2762 599 2830 decime
620 2764 691 2826 hora
711 2764 767 2824 diei
789 2766 926 2826 naturalis
948 2767 1053 2826 duodo·

161 2861 214 2921 cim
236 2864 331 2943 pedes,
353 2863 456 2946 viginti
478 2864 548 2922 duos
569 2865 717 2924 undecima
737 2885 888 2944 aequasse3
910 2874 943 2926 ut
963 2885 1052 2934 cres·

158 2983 236 3026 cene
256 2965 374 3026 umbra
395 2965 473 3026 brevi
495 2967 671 3042 duplicata
691 2965 738 3025 sit
781 2967 850 3039 Noe,
873 2967 927 3026 nisi
939 2970 1053 3045 dupli·

158 3068 259 3126 candi
289 3067 403 3132 verbum
432 3065 545 3146 proprio
578 3066 728 3146 accipitur,
765 3067 854 3128 ullus*
871 3074 1052 3130 crescentia

159 3175 308 3238 nauseet,
341 3173 455 3246 praetor
479 3167 568 3240 hunc,
592 3169 632 3227 ‘ut
659 3167 729 3227 rimo
759 3170 917 3254 ospieatrrr.
960 3169 1052 3238 Simili

160 3267 241 3326 modo
263 3267 291 3327 iu
316 3268 443 3328 Culicir
465 3289 491 3329 v.
516 3276 575 3330 203
598 3268 708 3348 vesperi

226 3399 291 3452 Cum
310 3415 391 3467 grego
408 3403 540 3468 compulso
557 3407 646 3474 pastor
662 3399 848 3471 dimittentibus
866 3401 963 3456 umbris

226 3483 311 3537 Vadit.
