2340 4036
336 176 491 236 uolebas
505 175 560 240 lli.
583 177 728 238 36-59.
936 186 983 246 97

84 347 190 408 Latina
211 345 309 425 lingua
339 364 396 404 nou
418 351 496 408 tecle
522 343 749 424 conjungantur,
782 341 838 400 uisi
860 345 978 424 ooajaa·

63 448 177 508 ctione
213 445 324 515 addila,
360 443 540 504 commutavit
569 443 598 502 id
622 445 747 517 sacili,
788 444 863 521 qaod
888 445 977 504 ,eliam

84 547 174 626 magis
196 545 309 624 poetice
339 545 449 604 dicitur.
493 545 570 604 Vasa
591 565 702 624 quoquo
728 552 869 624 argentea
896 556 978 606 eraut

84 649 191 707 caelata
207 647 333 717 -bedera,
356 643 537 718 hederam,
562 653 592 704 et
613 648 674 726 ejus
695 645 829 717 racemis,
851 665 977 728 corym-

84 749 193 820 biata,
230 754 260 806 et
288 747 440 826 pampinis,
470 751 684 824 pampinato,
720 755 750 806 et
771 747 858 806 herba
883 747 976 824 filicis,

75 851 232 922 filicata3
270 855 352 906 eraut
379 848 496 906 amictus
518 867 629 926 qaoque
656 867 718 907 cam
739 847 830 906 limbis
852 849 978 908 acanthi·
1049 877 1054 890 ·

84 949 140 1022 uis,
177 945 381 1008 acanthinae
407 960 533 1008 acates:
572 949 654 1010 aaa
681 949 764 1006 simili
791 949 889 1020 modo,
922 969 977 1028 quo

83 1046 223 1122 laederer,
248 1049 302 1120 ita,
325 1057 357 1108 ut
379 1049 530 1108 arbuscula
551 1055 628 1107 esset
650 1056 869 1126 pacostaus,
891 1069 978 1128 saepe

83 1151 231 1210 colebatur
252 1150 306 1208 Lb.
328 1149 364 1220 ll,
389 1155 464 1220 3583
496 1147 571 1226 quod
592 1169 639 1206 ars
660 1149 769 1208 imitata
790 1156 843 1208 est.
886 1150 979 1209 Hede-

83 1272 133 1310 rae
146 1249 192 1328 ο),
217 1271 289 1328 quac
311 1251 409 1308 hortos
432 1256 461 1308 et
483 1249 611 1310 convivia
632 1251 766 1322 ornabat,
789 1257 848 1309 tres
869 1252 979 1330 species

83 1359 178 1422 crant,
214 1371 287 1430 quae
315 1349 447 1430 singulae
475 1357 504 1410 et
529 1351 610 1412 virile
639 1359 668 1410 et
689 1351 857 1412 foemineum
886 1373 979 1433 genus

82 1453 234 1512 habebant.
280 1453 435 1513 Candida
461 1451 507 1511 vel
528 1451 624 1524 alba,
660 1459 690 1512 et
716 1460 832 1532 propter
858 1451 980 1512 fructum

83 1561 111 1611 ct
131 1560 253 1632 propter
279 1551 408 1610 frondem
430 1553 471 1611 ita
492 1553 646 1632 appellata3
679 1553 781 1611 deiude
801 1558 908 1631 nigra
934 1555 981 1616 vel

75 1656 198 1728 fusca,
236 1651 331 1712 fructu
360 1653 505 1733 nigrante,
542 1659 573 1712 et
599 1654 681 1733 bajus
711 1653 800 1732 ipsius
826 1653 980 1735 singularis

82 1755 176 1832 aliqua
211 1753 322 1832 species
350 1753 432 1832 paulo
466 1753 585 1812 albidior
611 1753 705 1813 fructu
739 1761 853 1813 crocata
860 1801 869 1828 ,
908 1775 980 1834 quae

81 1847 227 1914 Bacchica
246 1854 440 1933 appellabatur
462 1862 491 1916 et
501 1861 602 1934 politas
623 1854 793 1927 coronabat;
815 1875 980 1934 quamquam

81 1962 109 2013 ct
129 1955 240 2015 hedera
266 1953 350 2032 plane
378 1955 443 2014 alba
469 1962 532 2013 erat
559 1975 621 2012 cum
642 1955 736 2013 aureis
763 1955 891 2014 racemis.
934 1959 980 2018 Ex

80 2064 205 2134 utraque
227 2055 322 2134 specie
348 2055 487 2116 interdum
509 2053 677 2114 arbusculae
706 2055 821 2113 stabaat
841 2053 980 2116 [raticosa

80 2155 247 2226 cacumiue3
270 2156 321 2214 sed
344 2155 437 2225 etiam,
459 2175 542 2232 quum
564 2157 680 2214 arbores
702 2155 849 2228 ambiebat,
872 2157 981 2218 fructus

78 2255 215 2324 ferebat3
236 2253 318 2330 Virg.
343 2253 416 2312 ool.
442 2259 520 2311 141:

150 2370 282 2436 Ipsaequo
299 2365 428 2418 excedunt
444 2367 477 2419 ad
493 2383 594 2418 summa
611 2365 743 2420 cacumina
760 2339 854 2435 leritae,

150 2451 321 2518 Pinguntque
338 2451 457 2504 aureolos
475 2449 552 2504 viridi
569 2451 669 2518 pallore
686 2453 829 2517 corymbos.

81 2555 191 2616 Tertia
212 2555 337 2632 species,
369 2551 494 2616 hedera
515 2559 645 2616 sterilis
674 2562 838 2632 erratica,
871 2555 979 2634 helix,

83 2677 158 2736 quae
180 2655 209 2714 ia
223 2655 349 2716 concidis
371 2655 492 2716 brachiis
514 2656 649 2716 minorem
662 2663 692 2716 et
713 2659 880 2740 angulosam
903 2659 981 2719 frou·

84 2759 148 2818 dem
171 2755 306 2831 babebat,
340 2757 385 2818 vel
412 2757 592 2829 herbaceam,
625 2759 670 2818 vel
692 2759 797 2830 albam,
825 2760 870 2820 vel
892 2761 981 2820 versi·

85 2858 225 2930 colorem,
259 2857 502 2922 hedera-,tontum
529 2859 564 2917 ab
592 2858 731 2937 aliquibus
758 2842 911 2938 balabatur
932 2861 982 2919 mi·

85 2957 167 3016 noris
189 2957 299 3018 aetatis.
345 2959 473 3018 Candida
493 2965 524 3018 et
553 2959 638 3040 nigra
659 2959 765 3018 hedera
786 2965 912 3038 tempore
933 2981 983 3020 aa·

87 3058 195 3120 alumni
221 3079 349 3120 racemos
370 3057 471 3119 florum
499 3059 592 3118 emisit
613 3060 642 3118 in
664 3060 764 3118 orbem
787 3059 981 3134 circumactos,
1005 3113 1009 3119 .

87 3158 276 3220 flavescentes
297 3160 342 3220 vel
364 3161 484 3240 pallidos
507 3167 537 3218 et
557 3161 657 3237 plenos
678 3160 822 3242 melligeni
843 3162 934 3234 succi,
951 3183 983 3223 a

91 3294 295 3308 -q—u———n—-tu—-u

157 3375 185 3442 ⁹)
221 3375 289 3428 Plia.
306 3377 331 3428 b.
352 3394 377 3428 u.
397 3376 473 3440 XVI,
492 3373 526 3428 34
544 3382 566 3425 s'.
584 3373 626 3426 62.
765 3447 785 3505 ⁷
