2462 4028
187 312 255 375 226
332 315 335 324 '
439 297 595 358 ECLOGA
616 296 660 368 X,
685 301 819 358 57-63.

190 468 350 550 proprium!
386 467 482 526 Haeo
504 463 628 544 pertinet
649 463 685 522 ad
707 462 886 534 medicina,
911 462 1093 541 quemadmo-

193 573 257 629 dum
279 567 361 651 haee
378 571 494 642 potior
516 567 645 626 redoleo
666 563 723 624 Lh.
746 563 794 634 ll',
819 569 889 634 ¹00,
912 569 942 622 ot
956 563 1093 622 Terentii

192 669 275 730 leaeo
297 672 363 730 e'lla
384 671 558 726 miseratio
580 677 649 738 emt,-
683 665 789 742 itaque
802 662 921 741 requirit
942 668 1005 736 eit,
1033 683 1092 722 non

190 777 274 843 siret,
303 789 358 848 quo
379 766 473 827 haee
483 769 519 827 ad
541 767 671 846 proxime
693 765 866 824 antecedens
887 767 1026 838 apicula
1046 785 1092 824 re·

189 873 389 952 stringeretur.
433 870 530 928 Beue
551 875 595 926 est
617 869 714 926 Amor.
758 867 907 936 Malum,
937 865 1010 923 dura
1032 865 1093 925 vite

104 1001 108 1020 ‹
189 971 342 1042 silvestris,
366 989 422 1048 quo
443 990 500 1050 ego
522 989 591 1027 usus
613 933 714 1027 oonlra
735 965 821 1024 enimi
842 965 986 1024 libidinem
1009 967 1092 1024 eoni-

189 1081 250 1130 tor:
286 1073 368 1150 quale
395 1072 449 1130 hh.
478 1071 517 1141 ll,
550 1077 608 1131 168
641 1071 803 1127 adsuetae
836 1068 924 1124 malo
960 1066 1090 1145 Ligur.

187 1173 353 1252 Desperare
381 1191 439 1232 non
466 1179 576 1230 tentum
598 1169 768 1230 saltationes
790 1167 861 1226 intas
882 1167 1025 1226 llreadum
1047 1175 1089 1226 te=

188 1253 327 1333 molentes
349 1271 476 1351 deponit,
499 1271 600 1349 quibus
622 1291 649 1332 v.
664 1275 703 1332 55
727 1289 759 1328 se
781 1269 927 1328 oblectare
944 1271 1089 1342 voluerat,

189 1376 240 1434 sed
263 1375 348 1434 etiem
369 1393 478 1432 omnem
500 1379 629 1446 eentum,
653 1390 708 1450 quo
730 1389 758 1430 v.
783 1375 825 1430 50
846 1369 902 1428 sihi
924 1369 1090 1429 blandieba-

188 1484 243 1549 tur,
266 1481 296 1534 et
317 1459 478 1536 universum
499 1474 652 1544 decretum,
673 1471 812 1531 Arcadem
834 1469 898 1529 fieri
919 1471 1088 1554 silvicolam·

187 1577 296 1634 Nomen
327 1576 604 1652 Hamadryades,
640 1573 716 1644 sive,
756 1572 831 1651 quod
859 1571 934 1630 idem
963 1572 1085 1645 valebat,

185 1676 347 1752 Dryades
371 1671 477 1752 (Pena.
501 1671 630 1752 Erat),
661 1693 713 1750 pro
735 1673 884 1752 Nymphis,
907 1691 983 1751 queo
1003 1673 1088 1732 simul

186 1795 248 1834 oum
271 1773 420 1833 arboribus
442 1773 599 1833 eommisris
619 1779 651 1831 et
671 1771 744 1832 liunt
764 1781 794 1832 et
814 1773 1004 1845 emoriuntur,
1033 1777 1088 1832 Ar·

187 1875 301 1936 oadioee
325 1882 389 1935 erat
410 1875 542 1956 originis.
565 1874 702 1944 necatae
725 1875 886 1934 Pausanias
908 1874 1087 1952 inquitl'lll,

187 1985 216 2050 4,
239 1977 419 2055 Dryadum
446 1983 477 2034 et
502 1976 766 2052 aptacharium
793 1975 813 2034 i.
842 1995 867 2034 e.
895 1977 1086 2054 Nympharum

148 2147 152 2158 ,
187 2060 317 2136 arborum
339 2084 370 2136 et
379 2077 567 2155 Nympharum
578 2076 725 2154 poendum,
746 2076 868 2150 nomino,
891 2077 995 2135 Naides
1015 2096 1083 2137 euos

104 2244 110 2255 ³
186 2177 247 2238 sive
261 2177 339 2236 Deos
361 2175 481 2236 fontium
503 2177 614 2249 diount3
637 2195 721 2254 quum
742 2177 882 2236 llomerus
895 2178 1082 2256 Nympharum

119 2259 123 2264 ⁵
186 2278 290 2336 eximie
311 2279 431 2337 Naidum
453 2277 624 2338 mentionem
645 2276 742 2337 faeiat.
785 2275 922 2336 Profecto
943 2280 1084 2336 llonrerua

187 2380 218 2437 ll.
241 2378 308 2450 XX,
332 2385 373 2439 20
394 2379 536 2458 Nymphas
557 2369 716 2449 nemorum,
738 2376 858 2436 fontium
879 2377 1030 2439 fluvialium
1054 2388 1086 2439 et
1134 2399 1137 2406 ·

185 2479 313 2548 vallium,
347 2486 392 2548 et,
424 2479 556 2556 quoniam
585 2479 675 2538 silvoe
702 2484 732 2536 et
758 2477 853 2537 fontes
883 2479 911 2537 in
938 2461 1083 2538 montibus

185 2583 261 2647 aaut,
283 2577 425 2654 Nymphas
447 2584 559 2656 quoque
580 2579 715 2636 montium
739 2577 840 2656 odyss.
864 2581 911 2650 vt,
936 2588 995 2640 123
1018 2580 1081 2640 sire

193 2675 386 2736 orestiades
408 2677 440 2736 ll.
464 2677 510 2748 Vl,
536 2685 609 2749 417,
628 2687 730 2756 postea
752 2679 878 2740 Oreades
900 2680 1007 2751 dietas,
1029 2699 1081 2737 no-

184 2777 241 2849 vit3
271 2778 416 2856 Dryadum
443 2784 536 2836 autern
565 2797 667 2838 nomen
694 2787 724 2839 et
750 2780 804 2859 ipsi
832 2787 861 2839 et
888 2781 1018 2839 omnihus
1044 2781 1082 2838 ad

184 2878 303 2936 Pindari
324 2897 413 2957 usque
435 2885 556 2938 aetatem
578 2880 708 2960 ignotum
730 2889 783 2941 est.
807 2881 948 2940 Hesiodus
970 2881 1083 2958 quidem

184 2978 341 3056 Nymphis,
374 2997 445 3057 quos
479 2999 542 3040 oum
575 2980 688 3058 Satyris
717 2983 776 3062 jam
808 2982 954 3041 Arcadiois
988 2981 1084 3041 sociat

185 3079 298 3137 strab.
319 3078 351 3136 X
372 3100 399 3156 p.
422 3086 500 3151 47¹,
528 3080 613 3141 vitam
636 3081 733 3142 tribuit
754 3083 868 3162 longam
891 3089 920 3140 et
941 3081 1082 3140 emorien-

185 3185 251 3250 tem,
274 3185 318 3250 et,
341 3177 366 3237 si
388 3179 532 3258 Nymphae
552 3179 670 3242 Mellae
691 3203 710 3242 e
731 3181 853 3242 fraxinis
875 3201 977 3241 nomen
999 3201 1083 3238 suum

185 3278 371 3352 invenerunt,
401 3279 541 3357 aliquibus
568 3301 680 3360 quoque
701 3283 866 3342 societatem
888 3302 950 3342 oum
972 3281 1082 3340 arbori·

185 3378 253 3450 busy
282 3386 312 3436 et
332 3379 451 3455 hymnus
471 3381 642 3441 Homeridae
664 3382 692 3440 in
716 3384 853 3444 Venerem
874 3404 900 3442 v.
926 3385 988 3444 258
1009 3383 1079 3440 Ore-

185 3477 291 3537 stiades
313 3478 453 3551 celebrat,
477 3496 565 3556 quae,
588 3483 757 3562 longaevae,
779 3482 921 3544 ambrosia
943 3481 1077 3552 nutritae,
