2444 4020
349 304 505 366 nundus
527 305 602 378 Vnt,
628 309 804 369 rou-108.
961 315 1026 381 ¹55

124 491 186 545 vo,
217 471 304 532 tertio
326 493 408 545 essu,
442 495 494 553 pro
513 480 551 534 in
568 480 693 546 rivom
727 475 811 554 quale
831 480 1028 552 compellere

126 571 258 633 hibisco
286 575 328 645 n,
364 584 405 638 30
433 581 463 634 et
489 581 520 634 it
545 579 673 636 clamor·
701 580 806 638 caelo.
851 581 1030 648 duocenti.

95 749 96 752 Ἴ
128 674 257 754 quissimi
286 675 350 734 iibri
372 677 458 734 MSS.
481 677 637 756 praebent,
671 699 745 750 nec,
780 701 831 758 pro
855 686 955 744 mendo
977 710 1028 762 ree,

131 777 162 832 id
191 774 362 835 Hefuienses
390 797 503 857 quoque
531 779 782 858 praeseferunt.
824 785 900 845 Non
923 796 1030 864 respi-

128 896 206 936 cere
227 877 378 949 debebunt,
402 899 438 939 nc
460 881 583 951 numine,
607 899 682 958 quoe
704 901 750 939 res
773 884 950 963 accipiebant
965 912 1030 970 pro-

125 977 235 1056 jectns,
264 986 380 1056 praeter
408 981 581 1040 voluntatem
603 982 745 1041 horrendo
767 986 862 1061 specie
885 993 1030 1070 conspice-

129 1085 196 1136 rent
218 1079 270 1139 0v.
288 1083 376 1153 fast.
396 1081 428 1150 V,
453 1086 524 1152 439,
548 1087 577 1139 et
599 1089 739 1158 spectrum
762 1094 933 1162 everterent,
956 1096 1031 1170 quod

130 1179 167 1237 de
190 1181 333 1257 Eurydice
359 1178 464 1238 fectum
493 1187 547 1239 est.
598 1181 680 1251 Hes,
719 1187 897 1248 exacerbato·
918 1193 1029 1267 ederint,

133 1279 274 1358 perfidum
292 1281 466 1372 pephuidern
481 1277 620 1352 ulciscur,
648 1301 730 1359 quern
753 1305 843 1364 neque
862 1296 1031 1355 verecundie

128 1383 282 1452 deornm,
305 1381 352 1459 qui
365 1381 553 1460 jurisjurandi
575 1389 664 1441 testes
686 1395 752 1444 sunt
770 1409 796 1449 v.
817 1397 866 1461 19,
888 1413 941 1452 nec
954 1415 1030 1454 car.

127 1487 255 1541 mimcrn
276 1481 404 1560 potentie
426 1483 502 1544 velet
519 1485 664 1544 reducere.

218 1586 396 1642 105-108.
440 1583 513 1644 [ium
529 1605 615 1666 muge
632 1605 669 1644 ex
688 1607 740 1646 ere
761 1589 872 1650 cineres
886 1596 1030 1675 corripere

133 1688 163 1741 et
179 1683 343 1760 Amaryllidi
363 1685 458 1743 cosin
477 1705 576 1746 munus
593 1688 706 1747 trudere
723 1689 797 1764 vult3
820 1713 896 1766 ecce,
918 1695 1029 1760 flammo

133 1791 249 1861 repente
271 1783 387 1844 emicet!
418 1788 580 1846 Secundum
599 1807 680 1846 omen
704 1791 856 1869 accipitur,
884 1803 913 1854 et
933 1801 1028 1858 stetim

132 1903 204 1942 cunc
225 1883 350 1943 lotrcnte
372 1884 565 1944 confirmetur.
577 1919 618 1934 ...
629 1889 744 1968 Magnus
761 1892 838 1970 loqui
856 1901 1028 1976 perrexisse,

132 1983 286 2043 Asceosius
305 1985 364 2062 jem
387 1986 517 2064 agnovit.
574 1987 682 2045 Contra
701 1991 916 2068 Amaryllidem‚
946 2019 1028 2078 quom

133 2083 251 2144 Servius
279 2085 314 2142 oh
334 2086 435 2157 ferre
462 2086 534 2154 rnnle
561 2087 734 2146 intellectum
756 2085 895 2169 postulet,
929 2121 1028 2162 versus

133 2191 344 2264 puguot1083
381 2194 412 2244 et
434 2189 515 2266 cujus
539 2188 577 2246 sit
604 2189 743 2254 Parcite
765 2235 772 2250 .
796 2235 803 2252 .
828 2199 860 2253 Λ
904 2200 1029 2264 Secundi

135 2284 236 2340 ominis
262 2303 391 2362 quaeque
415 2295 479 2346 eret
489 2293 633 2366 flamma
649 2298 715 2368 post
732 2313 815 2353 socru
832 2308 953 2374 -perecta
970 2305 1029 2363 ola·

135 2384 212 2443 erius
229 2387 362 2444 elecem
384 2388 439 2447 Lb.
461 2389 514 2460 Ν,
544 2397 621 2462 385;
643 2392 791 2472 imprimis,
814 2417 886 2475 quoe
901 2421 938 2460 ex
955 2410 1028 2480 ipso

133 2490 246 2546 cinere
264 2494 296 2545 et
315 2488 378 2548 siue
396 2492 472 2549 ulla
490 2497 689 2581 necessitate
704 2501 881 2576 exsurrexit3
905 2525 961 2564 nou
979 2509 1028 2566 mi-

134 2608 202 2658 nus,
230 2588 271 2659 si,
306 2591 381 2668 quod
405 2593 433 2650 in
448 2600 546 2653 vetere
567 2601 737 2658 testnmento
761 2599 866 2661 fectum
890 2613 948 2680 est,
977 2631 1029 2670 sue

133 2696 236 2767 sponte
247 2711 308 2765 eru,
331 2693 439 2752 ortibus
459 2695 587 2754 nimirum
606 2700 680 2776 opud
694 2700 860 2762 idololatres
872 2709 1027 2785 papisticis,
1112 2739 1115 2746 ·

132 2787 241 2870 iignum
264 2813 344 2857 suum
370 2797 518 2872 escendit,
546 2805 596 2855 out
616 2800 766 2876 splendore
784 2807 915 2880 apparuit
931 2809 1027 2887 igneo,

133 2893 212 2950 Inter
242 2896 465 2973 conjurationem
489 2899 697 2970 catilinarium,
735 2901 825 2960 refert
848 2905 1028 2984 Plutarchus,

135 2992 282 3051 Ciceronis
305 3015 380 3052 uxor
398 3015 481 3072 quum
499 2997 604 3055 Vestae
623 2999 811 3073 sacrificaret,
841 3025 928 3078 urunt,
951 3007 1028 3090 ignis

134 3100 281 3171 postquem
305 3096 363 3174 jnrn
391 3096 554 3154 consedisse
576 3097 739 3172 videbatur,
769 3101 905 3165 florinorum
929 3131 964 3168 ex
988 3114 1026 3171 ci-

134 3213 203 3252 uere
230 3203 260 3252 et
285 3195 438 3254 corticibus
460 3199 591 3256 crematis
613 3221 743 3280 magnum
766 3214 795 3264 et
817 3209 936 3268 tucidum
959 3213 1026 3272 enri-
1083 3227 1086 3234 ’
1118 3243 1121 3248 ’

134 3295 222 3353 sisse:
246 3296 321 3372 quod
342 3315 422 3358 omen
445 3297 573 3378 virgines
597 3303 726 3363 Vestales
749 3308 784 3366 de
805 3310 888 3369 derude
910 3321 940 3370 et
961 3317 1025 3396 gio·

134 3395 177 3455 ric
189 3396 391 3474 interpretetus
403 3419 476 3460 esse.
520 3401 674 3476 Altaria,
692 3407 737 3468 hic
747 3429 799 3468 sue
811 3419 1025 3495 potcstetepro·

135 3499 196 3576 prio
217 3499 369 3579 cspituium
390 3521 458 3562 crue
479 3503 639 3582 impositum
664 3509 700 3582 V,
724 3519 774 3583 66,
796 3514 832 3586 nd
856 3518 931 3594 quod
954 3519 1025 3578 cinis
