2380 4028
315 257 468 332 ucnoun
491 258 535 317 ιι.
563 266 708 323 ιι-ιιι
910 273 952 334 ns

67 424 172 496 niues,
208 424 262 504 qui
293 426 382 486 adbuc
414 427 473 488 bini
506 425 566 488 fero
597 429 625 488 in
652 428 797 490 saltibus
822 429 954 490 elimenta

66 532 206 603 quaeruut
229 525 285 586 hb.
307 527 342 598 ll,
366 534 436 588 340.
479 531 504 588 A
525 528 671 608 principio,
693 529 843 590 Lucretius
864 531 954 610 inquit

67 626 102 698 V,
127 633 211 699 781,
235 627 279 686 ite
301 629 465 688 crescebant
486 629 562 690 circo
582 639 675 690 terroe
695 630 869 711 superficiem
889 633 953 692 ber·

66 727 117 785 bae
146 734 178 786 et
207 729 345 802 arbores,
379 731 605 809 quemadmodun
626 727 736 811 plumae
757 740 786 794 et
807 733 856 812 pili
878 733 953 794 circa

67 828 264 890 adolescentie
286 851 407 910 corporo
428 833 577 892 bestiarum
600 833 747 906 oriuntur3
769 843 870 914 postea
891 835 951 896 aui·

47 917 137 990 ¹motu
158 951 279 1011 quoquo
300 953 422 1013 genem
444 954 526 1013 qnae,
544 934 621 1018 sicut
640 936 731 994 adbuc
752 943 817 1013 post
831 936 951 1014 pluviam

66 1031 144 1092 linus
174 1033 342 1114 tepefactus
369 1036 470 1096 multos
498 1035 631 1094 bestiolas
660 1037 799 1106 excludit,
826 1037 866 1096 ito
894 1044 954 1096 tuns

67 1135 215 1212 temporis,
244 1143 366 1216 propter
387 1137 527 1216 juveniles
553 1135 629 1198 viros
655 1137 787 1198 tumentis
808 1138 956 1218 coloravet

68 1233 178 1295 humore
207 1245 309 1296 terroe
330 1244 360 1296 ct
386 1217 533 1319 gignentis
559 1237 690 1310 aetheris,
713 1243 742 1298 et
762 1236 955 1316 licqucutiora

68 1341 96 1394 et
115 1339 224 1418 majora
247 1337 409 1418 prodibant.
451 1339 574 1398 Primum
591 1359 679 1399 verno
697 1339 790 1398 colore
803 1341 952 1400 uolucres

69 1453 103 1494 ex
128 1439 204 1513 ovis,
240 1439 288 1504 uti
314 1459 387 1500 nunc
409 1461 425 1500 e
446 1439 577 1500 folliculis
599 1440 713 1500 cicadae
734 1448 858 1516 aestate,
891 1443 952 1502 cxi·

69 1534 144 1611 baut3
166 1541 276 1601 deinde
296 1521 372 1602 iutra
391 1549 486 1602 terroe
507 1543 597 1602 uiuum
618 1523 697 1602 uteri
712 1541 832 1614 fiebant,
855 1562 871 1602 o
893 1543 952 1621 qui·

68 1635 116 1696 bus
141 1641 281 1705 maturati
309 1650 339 1702 et
365 1645 489 1704 baetim
518 1655 672 1706 terrenae
699 1651 728 1704 et
753 1641 894 1706 hasim
915 1645 953 1704 od

67 1737 152 1800 luceru
185 1763 239 1822 per
267 1742 406 1804 foramina
432 1745 622 1816 enitebantur,
655 1735 684 1805 et
709 1744 835 1806 sontibus
860 1747 951 1819 lactis,

69 1857 132 1900 uox
158 1852 258 1905 autem
285 1844 354 1905 feris
376 1854 470 1906 terrae
490 1845 627 1906 fructibus
648 1853 783 1925 perpetuo
805 1867 872 1908 vore
894 1849 975 1924 ale,

69 1937 177 2004 bantur.
223 1947 315 2006 Pauci
341 1948 430 2008 adbuc
456 1953 656 2018 animantes,
689 1950 867 2020 animalia,
895 1969 951 2008 uon
1033 2023 1035 2027 ,

67 2043 158 2123 uagis
188 2047 303 2108 bestiae
328 2055 395 2108 sunt
423 2069 504 2127 quam
531 2047 671 2119 homiues,
705 2067 775 2126 quos
800 2048 951 2110 Lucretius

67 2159 176 2224 quoqne
198 2149 242 2222 V,
263 2156 335 2211 789.
357 2157 429 2212 791.
453 2147 565 2236 (cdlv,
587 2154 657 2210 820.
680 2131 765 2230 82'1.)
788 2153 951 2210 animalia

68 2249 94 2300 ot
116 2251 285 2308 mortalia
311 2253 424 2309 saecla
450 2251 546 2310 diceus
572 2249 773 2328 complectitur.
816 2251 880 2310 Nou
906 2272 952 2312 sc-

68 2361 114 2404 cus
135 2347 291 2420 Horatius,
319 2351 410 2426 Seru.
431 2350 458 2422 l,
486 2357 520 2422 3,
543 2357 599 2414 99:

131 2479 222 2534 Quum
239 2487 423 2550 prorepserunt
438 2480 526 2549 primis
543 2480 662 2534 animalia
679 2482 767 2549 tenio,
1043 2539 1049 2557 Ι

130 2564 238 2616 Mutum
254 2571 280 2620 et
295 2572 370 2634 turpe
386 2583 480 2634 pecus,
504 2565 623 2632 glandem
640 2573 718 2638 atque
735 2567 828 2622 cubilia
843 2577 949 2640 propter

131 2649 270 2714 Unguibus
288 2656 313 2702 et
330 2651 437 2718 pugnis,
456 2650 515 2732 dein
530 2651 655 2717 fustibus,
673 2659 750 2720 atquc
766 2654 803 2706 ite
819 2672 896 2724 porro

132 2733 288 2800 Pugnabant
305 2735 403 2801 armis,
417 2752 482 2804 quae
498 2742 557 2804 post
573 2735 743 2790 fabricaverat
759 2755 829 2790 usus.

70 2848 121 2908 llic
149 2861 261 2916 tennis
287 2856 377 2914 adbuc
398 2875 528 2916 uumerus
549 2854 748 2934 spirantium
769 2871 803 2916 et
821 2864 948 2918 aalma·
990 2860 994 2870 ‘

71 2957 175 3014 tvm
196 2976 368 3035 corporum
385 2957 499 3034 primum
511 2966 639 3036 pererrat
654 2979 704 3036 per
716 2970 838 3016 montes
851 2964 947 3038 igno·

71 3058 120 3108 too
154 3056 280 3132 quidem,
314 3057 365 3118 sed
390 3055 530 3118 fructuum
557 3059 656 3136 plenos
683 3057 866 3130 silvestrium,
901 3061 948 3139 qui

72 3154 135 3210 tuuc
160 3158 270 3234 quidem
297 3161 386 3220 Lucr.
415 3159 453 3231 V,
472 3164 673 3222 saa—942.
701 3165 730 3218 ct
756 3159 896 3242 largiores
918 3170 948 3224 ct

72 3252 188 3330 majores
225 3268 310 3339 oque
340 3261 539 3342 generosiores
570 3261 743 3322 crescebant.
814 3263 859 3322 Ut
883 3273 947 3344 post
977 3303 984 3321 f

73 3368 183 3416 nouam
208 3359 237 3420 iu
263 3361 462 3423 llufniensibus
484 3379 594 3440 quoque
614 3362 691 3422 libris
713 3365 806 3436 dcest3
837 3369 946 3444 splen-

74 3451 200 3520 descere
227 3461 271 3533 C,·
298 3466 422 3524 cadunt
440 3463 475 3524 B
481 3488 493 3534 ,·
522 3469 688 3542 incipient
707 3465 749 3528 A.
796 3466 944 3546 Ignaros
