2444 4020
369 258 768 376 ‘annuarum-10.
818 265 827 281 ’
965 313 1033 375 ran
1112 261 1116 272 .

139 462 374 540 collocationem,
398 475 427 528 et
447 481 577 541 certat,
600 471 674 548 quud
695 470 824 548 proxime
846 472 935 542 abest,
957 491 1032 530 nor·

139 581 198 629 tat
217 571 296 651 lego,
319 571 394 648 quod
416 569 478 628 fere
500 591 611 649 semper
631 572 780 630 scribendo
799 578 960 649 corruptum
977 579 1032 631 est.

141 672 283 730 Mittere
310 691 361 748 pro
376 674 478 744 ferre
498 673 554 745 lll,
584 679 637 733 71.
681 672 790 737 Quodsi
810 669 927 744 bascli,
957 673 1031 749 quod

143 770 208 830 fieri
242 772 353 830 solebat
380 773 419 843 V,
456 780 509 844 12,
543 773 774 852 turgescentibus
801 773 934 853 virgultis
963 773 1031 831 editi

92 891 98 896 ·
142 871 272 944 fucrant,
304 893 379 931 nunc
412 873 489 932 circa
520 875 670 932 solstitium
705 895 732 934 v.
765 881 806 933 60
834 875 893 953 jam
922 873 1030 952 depulsi

143 978 253 1042 erunt,¹
274 978 303 1032 et
324 973 374 1052 agi
397 980 537 1052 poterant.
580 975 617 1032 Hi
639 995 722 1044 vern,
744 993 815 1051 quos
837 975 943 1033 Moeris
965 993 1029 1052 por·

143 1077 187 1130 tot
207 1093 235 1132 v.
258 1080 315 1144 62,
344 1075 425 1132 ambo
446 1074 565 1132 serotini
587 1093 651 1133 esse
672 1075 785 1134 debent.

228 1180 343 1234 7-10.
389 1173 482 1238 uuirt
520 1174 648 1232 dominos
674 1181 786 1232 uestros
813 1193 877 1233 esse
904 1175 1029 1253 ejectosl

142 1273 256 1331 Tamen
289 1293 346 1353 ego
374 1294 411 1332 ex
438 1274 559 1354 paganis
585 1274 688 1335 vestris
710 1273 895 1334 affirmantem
917 1276 1031 1334 audie·

143 1394 235 1446 ram,
265 1381 388 1436 vestrum
415 1377 612 1447 Menalcan,
635 1377 768 1455 juvenem
792 1375 954 1456 Virgilium,
981 1373 1029 1452 qui

143 1493 257 1534 carmen
285 1495 375 1554 nuper
401 1475 429 1534 in
452 1483 568 1535 mortem
590 1475 747 1554 Daphnidis
768 1477 862 1537 verbis
882 1476 1030 1535 Menalcae

143 1581 201 1634 tam
230 1575 388 1636 miserabile
415 1578 571 1649 cecinerat,
603 1583 693 1636 totum
722 1575 837 1636 fundum
859 1583 944 1636 contu
965 1595 1029 1647 suo,

143 1695 162 1734 a
188 1676 260 1737 clivo
288 1678 323 1736 ad
350 1677 484 1738 Mincium
511 1686 541 1736 et
568 1685 681 1740 veteres
703 1677 914 1760 lagenasque,
949 1676 1029 1738 uobis

143 1795 282 1838 servasse.
300 1811 341 1822 -
359 1780 422 1838 Non
445 1785 551 1838 temere
572 1779 748 1838 commissum
769 1799 834 1838 ease
855 1779 975 1850 videtur,
997 1784 1030 1837 ut

143 1877 279 1935 terminos
300 1879 365 1956 agri
387 1879 498 1956 paterni
520 1879 657 1959 Virgilius
679 1899 727 1938 en:
746 1885 867 1939 uicinis
886 1884 1031 1954 peritum
1060 1941 1065 1950 ,

143 1977 289 2038 declarare
310 1975 421 2036 iecerit.
465 1979 536 2036 Nam
558 1998 630 2059 ager
651 1979 678 2036 ei
698 1977 808 2036 etiamsi
823 1979 1031 2048 restitueretur,

142 2077 246 2136 limites
267 2085 345 2137 certe
368 2085 520 2138 veteranus
541 2079 664 2150 vicinus,
693 2079 740 2156 qui
761 2079 911 2157 irruperat,
934 2077 961 2136 ei
982 2097 1031 2136 co·

143 2185 255 2238 arctare
292 2187 414 2257 poterat.
459 2181 578 2239 Veteres
614 2179 797 2239 Grammatici
826 2179 884 2238 litis
911 2179 1030 2237 mentio-

143 2298 206 2337 nem
234 2277 343 2337 fuciunt
371 2281 406 2339 de
427 2279 530 2339 finibus
553 2287 672 2340 exortae
694 2281 770 2338 inter
791 2279 954 2361 Virgilium,
982 2299 1030 2338 eu-

139 2381 189 2460 jus
217 2399 290 2460 agro
317 2385 374 2438 tum
402 2381 493 2440 adbuc
515 2382 654 2442 divisores
676 2387 877 2460 pepercernnt,
906 2386 936 2438 et
956 2379 1031 2439 inter

142 2481 289 2560 proximos
311 2482 423 2541 accolas
445 2483 612 2542 bellicosos:
635 2483 718 2541 unius
741 2501 847 2554 eorum,
870 2481 963 2540 Clodii
978 2502 1030 2541 no·

142 2583 231 2653 miae,
261 2581 307 2660 qui
334 2583 432 2662 gladio
454 2604 513 2643 rem
535 2585 704 2643 diremturus
726 2589 803 2655 erat,
832 2583 923 2662 spisse
945 2589 1031 2662 atque

142 2684 190 2745 vix
212 2689 325 2762 potitam
348 2684 401 2744 vim
424 2683 578 2768 effugisse..
615 2685 728 2766 Virgilii
745 2705 826 2765 ager,
850 2685 924 2762 quod
942 2685 1031 2762 prima

142 2785 244 2865 ecloga
276 2805 303 2846 v.
337 2791 461 2848 49ψὸ8
490 2787 630 2856 declarat,
663 2807 681 2844 a
711 2786 827 2862 rupibus
854 2783 1031 2843 silvestribus

142 2886 264 2943 molliter
292 2885 407 2945 declivis
434 2887 470 2945 cd
497 2894 579 2964 prata
607 2886 741 2963 palustris
763 2891 793 2942 et
813 2884 842 2940 ia
864 2884 955 2942 lucum
976 2881 1031 2940 dif-

142 2983 199 3044 fusi
225 2986 323 3044 Mincii
351 2985 573 3062 deprimebatur:
607 2986 655 3044 ubi
681 2985 765 3043 nnius
793 2985 908 3042 accolae
928 2985 1030 3044 limites

142 3085 207 3146 vivo
228 3105 296 3164 sepe
317 3085 449 3155 salicum,
473 3085 605 3156 alterius,
628 3086 701 3163 quod
723 3085 769 3144 bic
791 3092 923 3164 apparet,
946 3097 1031 3147 cete·

142 3187 236 3245 ribus
260 3189 366 3264 fagis
399 3185 632 3266 designabantur.
676 3186 729 3246 llic
758 3185 867 3264 quidem
897 3187 1031 3247 terminus

142 3287 279 3346 incertior
300 3287 385 3347 focile
407 3293 609 3349 controversus
631 3307 695 3348 esse
717 3288 850 3366 potuerit,
872 3287 967 3368 itnque
989 3289 1030 3348 di-

141 3389 260 3471 ligentis
282 3389 379 3449 iudicii
400 3409 513 3450 causam
536 3389 657 3450 dedisse.
698 3389 754 3448 Alii
768 3395 860 3461 ercet,
882 3390 1030 3472 quiagroa
1069 3469 1071 3475 y

143 3498 366 3555 terminarent
390 3511 458 3552 suos
485 3491 540 3553 Lb.
567 3493 610 3566 ll,
642 3497 703 3555 389
725 3491 874 3552 ordinibus·
884 3485 1031 3572 pinorum,
