2340 4036
177 272 221 335 78
455 261 609 323 ECLOGA
631 259 794 320 'rurum

220 425 273 494 M.
317 425 402 501 Quia
425 373 554 492 domini
567 426 705 510 faetent,
728 427 851 492 audent
872 447 969 513 quum
991 425 1087 492 talia

683 523 691 574 i

176 630 250 696 Non
273 649 337 712 ogo
359 635 394 694 ta
415 628 481 694 vidi
502 527 869 712 numidisz'pesnme,
893 647 1034 714 oaprum

177 731 343 816 Excipere
364 729 508 812 insidiis,
531 729 669 794 muitum
691 728 836 794 latrante
860 729 1018 812 Lycisoa,

176 831 221 897 Et
241 852 339 926 quum
359 830 557 896 elamoremz
581 829 653 904 Quo
671 849 758 894 nuno
778 851 816 896 se
837 830 974 914 proripit
994 829 1082 900 iliad

136 932 317 1016 20'l'ityre‚
340 953 426 1017 ongo
449 928 569 1016 pecus!
592 940 627 998 tu
650 937 726 1016 post
747 939 887 996 oareeta
909 929 1057 997 latebas.

180 1043 182 1048 ’
218 1057 285 1125 Β»
311 1057 367 1125 An
385 1057 479 1142 mihi,
502 1058 666 1124 eantando
690 1055 812 1140 vietus,
833 1077 900 1122 non
918 1057 1082 1122 redderet

584 1159 641 1224 iiie

178 1260 284 1334 Quem
297 1282 374 1326 mea
383 1257 582 1324 carminibus
591 1205 768 1324 meinisset
779 1255 901 1340 fistula,
915 1261 1078 1343 oaprnmt

40 1391 52 1414 ν
178 1359 215 1426 Si
236 1361 480 1426 neseisvmens
499 1361 556 1427 ille
578 1381 682 1448 eaper
696 1355 771 1424 fuit!
796 1365 831 1424 et
852 1359 929 1423 mihi
943 1355 1078 1424 Damon

176 1460 256 1548 lpse
277 1454 461 1538 fatebatur3
484 1461 545 1525 sed
565 1463 832 1546 reddereposso
853 1457 1033 1544 negabat'

136 1589 176 1648 25
218 1585 272 1652 M.
314 1584 489 1652 Cantando
516 1593 552 1652 tu
578 1583 696 1650 illumi
738 1593 797 1652 aut
827 1607 983 1674 nmquam
1013 1585 1077 1652 tibi

582 1685 695 1752 fistula
716 1707 797 1752 oera

176 1785 301 1854 Juneta
317 1785 399 1854 fuiti
427 1787 501 1854 Non
519 1794 554 1853 tu
573 1787 606 1853 in
624 1786 746 1870 triviis,
770 1787 915 1872 indocte,
938 1785 1076 1854 solebas

176 1887 337 1956 Stridenti
357 1889 513 1955 miserum
536 1887 658 1976 stipula
675 1889 869 1974 disperdere
896 1891 1055 1954 earmont

219 2011 270 2107 D·
297 2015 375 2086 'Vis
388 2037 481 2102 orgo,
504 2015 678 2098 internos,
702 2013 777 2102 quid
799 2013 905 2100 possit
921 2022 1076 2106 uterque,

584 2136 729 2180 vicissim

178 2215 405 2302 Experiamur.
427 2214 743 2302 Egohanovitulnm
757 2214 910 2300 (neforto
921 2233 1074 2284 recusem

135 2316 336 2384 aossisvenit
352 2318 402 2398 ad
418 2317 604 2402 mulctram,
626 2317 721 2383 binos
733 2315 793 2384 alit
812 2315 917 2384 ubere
929 2315 1073 2404 foetnsi)

175 2418 334 2506 Depon03
356 2425 391 2482 tu
413 2419 482 2502 dio,
507 2439 637 2484 meeum
660 2439 723 2504 quo
745 2417 884 2504 pignore
906 2428 1029 2486 oertos.

218 2541 271 2612 M.
315 2541 369 2608 Do
382 2563 488 2630 grego
509 2564 576 2608 non
590 2543 695 2608 ausim
714 2527 890 2633 quidquam
903 2548 1074 2634 deponere

175 2743 239 2810 Est
251 2742 329 2810 mihi
338 2763 481 2830 namque
495 2651 767 2832 (implexa-est
777 2746 898 2829 injusto
909 2707 1073 2832 noverea}

176 2844 301 2933 Bisque
331 2843 385 2912 die
416 2855 591 2912 numerant
625 2845 723 2912 ambo
756 2869 861 2934 paens
873 2897 885 2934 ,
918 2849 1005 2917 alter
1036 2859 1073 2918 ot

135 3045 313 3129 doveram,
335 3045 370 3114 id
379 3047 465 3132 quod
482 2945 761 3133 multohtidiorpse
784 3049 937 3118 fatebere
951 3053 1069 3138 majos,

176 3147 342 3231 (insanire
363 3145 446 3213 libet
472 3147 625 3232 quoniam
648 3145 733 3233 titii)
765 3152 886 3238 poeula
907 3174 1027 3238 ponam

175 3247 323 3334 Fagina,
346 3247 514 3322 eaelatum
537 3247 633 3316 divini
656 3271 739 3335 opus
761 3252 1020 3320 Aloimedontisr

175 3350 286 3416 Lenta
307 3347 424 3435 quibus
445 3358 540 3418 torno
563 3350 655 3418 faoili
678 3353 894 3439 superaddita
916 3353 989 3422 vitis

175 3449 323 3520 Didusos
345 3451 448 3519 odora
470 3452 568 3520 vestit
588 3451 735 3538 pellento
757 3454 943 3537 oorymbor.
1039 3458 1045 3482 ¹
