2462 4028
399 233 770 334 coecorum-1⁸.
973 273 1042 336 uos

155 435 253 496 tiolas!
291 453 345 494 uos
377 452 436 492 uon
468 430 662 492 reformidant.
711 431 762 490 'l'u
794 449 904 510 quoque
931 433 1045 492 humilia

153 555 261 616 pascua
286 553 324 594 ne
354 533 538 606 reformidem
570 533 616 595 vel
642 533 704 612 ipse
729 533 853 604 Adonis,
887 535 1045 594 deliciolum

155 636 275 696 Veneris
296 642 455 710 venustum,
477 654 545 698 oues
556 654 614 694 nou
626 635 797 716 dedignatus
808 641 852 694 est
864 655 991 714 pascere.
1002 669 1044 684 -

156 735 334 817 Descriptio,
362 738 462 799 Galus
482 737 622 815 quomodo
643 736 674 796 in
695 736 818 798 Arcadia
839 746 978 816 exceptus
998 738 1045 810 sit,

156 839 301 920 praesenti
321 845 448 919 tempore
469 837 578 898 orditur
598 837 730 898 alacrior.
757 839 840 918 Apud
861 839 1046 900 Theocritum

158 942 180 1015 l,
202 947 244 1004 74
265 959 336 1000 suae
356 941 445 1021 ipsius
467 941 503 1000 de
524 939 673 1018 Daphnide
693 940 781 1001 boves
802 941 919 1020 lugent:
1011 1025 1013 1033 y

257 1057 327 1110 Ante
342 1056 425 1125 pedes
440 1053 515 1108 multi
531 1053 599 1106 tauri
614 1057 764 1122 multaeque
776 1053 917 1121 juvencae,

258 1142 358 1195 Multae
375 1144 435 1194 suut
451 1154 546 1194 vaccae
562 1144 670 1208 qnestae
685 1139 774 1192 tristes
790 1137 947 1221 ydtnlaaque.

157 1246 250 1326 Hujus
276 1245 333 1306 loci
359 1243 533 1324 comparatio
565 1242 720 1324 indiligens
746 1243 916 1323 interpretes
942 1245 1049 1323 eliquat
1126 1313 1129 1320 ¹

157 1346 335 1411 recentiores
355 1347 386 1406 in
407 1366 471 1406 eum
492 1364 619 1408 errorem
639 1344 766 1416 induxit,
793 1351 826 1404 ut
847 1347 957 1406 Gallum
979 1365 1049 1426 quo-

102 1511 104 1520 ,
159 1467 216 1528 que
241 1456 384 1528 pastorem
410 1447 578 1508 Arcadicum
612 1465 677 1506 esse
710 1447 910 1526 opinarentur3
951 1455 1049 1528 pastor

158 1569 326 1630 quamquam
346 1549 458 1630 pecoris
479 1548 688 1610 circumstantis
709 1569 738 1611 v.
762 1557 801 1612 19
823 1551 914 1621 adest,
936 1557 966 1610 et
981 1550 1049 1610 Gal·

157 1653 203 1712 lus
223 1673 252 1714 v.
266 1656 314 1714 ³5
336 1672 394 1712 non
414 1657 527 1731 pastor,
554 1651 605 1710 sed
625 1669 655 1712 v.
676 1657 718 1712 44
745 1651 865 1712 bellator
890 1671 956 1712 esse
982 1671 1049 1730 que·

158 1753 241 1814 titur.
261 1751 412 1814 Pastorem
433 1752 537 1832 quippe
557 1751 723 1812 Arcadicum
745 1771 803 1812 nou
817 1751 914 1812 Galle·
936 1753 1050 1812 nomine

158 1854 312 1936 Virgilius,
344 1854 409 1926 sed,
446 1851 675 1930 quemadmodum
711 1852 816 1914 lolium
843 1855 993 1914 Caesarem
1020 1862 1051 1913 et
1142 1848 1146 1861 '

159 1962 250 2016 semet
275 1953 367 2033 ipsum
393 1953 423 2015 iu
450 1953 549 2031 quinta
574 1952 692 2031 ecloga,
720 1953 827 2012 rustico
848 1953 1048 2014 introduxerit.

158 2056 314 2118 Paenitet
335 2075 398 2127 mc,
425 2053 506 2136 piget
531 2071 591 2123 me,
618 2052 761 2124 detrecto,
788 2053 913 2134 despicio
935 2057 976 2129 ll,
1001 2063 1050 2118 34.
1084 2097 1088 2108 ι

161 2157 353 2218 Clementibns
375 2155 474 2218 ovibus
495 2161 596 2214 nostra
616 2173 673 2212 uon
695 2154 825 2233 displicet
840 2157 978 2230 societas3
1000 2160 1052 2220 tibi

161 2277 274 2339 quoqne
302 2278 339 2318 ne
360 2239 453 2319 ovium
475 2255 632 2334 displiceat.
673 2254 812 2329 Nostri,
839 2257 896 2329 tui,
918 2279 936 2318 o
959 2261 1051 2332 Galle,

161 2366 192 2422 ct
218 2361 285 2432 mei,
320 2358 369 2439 qui
401 2365 431 2418 te
461 2354 616 2438 (allegoria
641 2356 724 2438 usus)
757 2357 787 2416 in
814 2354 944 2420 Arcadia
970 2364 1053 2440 posui

160 2483 189 2524 v.
212 2469 263 2524 26.
290 2461 340 2520 Tu
362 2478 473 2539 quoque
494 2478 531 2520 na
551 2459 634 2530 nolis,
657 2461 776 2534 divisse,
798 2459 932 2538 sublimis,
949 2473 1053 2538 poe'su

161 2565 202 2638 V,
224 2567 282 2634 45,
303 2581 425 2636 mecum,
452 2567 538 2641 poe'ta
557 2561 681 2633 metica,
708 2560 784 2622 inter
804 2583 913 2646 greges
934 2568 1052 2628 versari.

160 2666 313 2726 Pastorum
335 2665 406 2724 ordo
427 2684 485 2724 uun
506 2663 548 2724 ita
569 2663 636 2724 olim
657 2671 815 2724 contemtus
843 2674 923 2744 erat3
950 2669 1053 2728 heroes

162 2775 283 2847 quoqne,
304 2767 367 2826 Diis
388 2765 485 2836 amici,
507 2764 598 2843 qualis
617 2765 764 2837 Adonis,
793 2765 868 2824 inter
889 2768 959 2826 deos
979 2770 1054 2828 rela-

163 2873 220 2939 tus,
241 2868 392 2946 aliquando
413 2867 576 2944 pascebant.
606 2865 690 2942 Apud
711 2866 897 2926 Theocritum
913 2869 1053 2928 Venerem

162 2969 291 3048 Daphnis
323 2968 360 3026 ob
393 2985 516 3024 amorem
547 2963 696 3024 cavillatur
723 2965 878 3039 Anchisae,
911 2969 997 3031 hoves
1022 2973 1052 3032 in

164 3065 323 3150 quercubus
343 3065 437 3126 idaeis
459 3064 612 3145 pascentis,
633 3066 703 3156 haec
724 3065 860 3146 adjiciens
883 3071 905 3142 l,
930 3079 1004 3134 109:

264 3187 357 3238 Floret
371 3179 470 3234 Adonis
487 3180 565 3242 enim,
582 3195 662 3249 pecus
679 3186 706 3234 et
722 3181 833 3236 custodit
849 3186 927 3249 ovile,

266 3267 377 3336 attigit
393 3268 506 3336 lepores,
524 3265 588 3320 alias
605 3264 772 3336 sequiturque
788 3266 910 3324 ferarum.

166 3373 279 3438 Acerba
306 3393 375 3436 saue
396 3371 555 3443 cavillatio,
581 3371 789 3436 adolescentem
811 3375 873 3457 ejus
892 3375 1050 3452 florentem,

165 3486 195 3540 et
216 3497 285 3544 oves
306 3481 466 3559 pascentem
488 3473 623 3551 imbelles,
646 3475 690 3538 vel
711 3484 812 3538 contra
832 3479 943 3560 lepores
965 3484 1052 3545 auda·
