2380 4028
340 206 492 268 echone
513 209 558 267 Vl.
586 215 730 270 81-36.
931 222 975 284 95

80 347 219 454 tempora
249 377 360 436 bernice
386 395 474 456 usque
496 377 631 438 babuerit
675 378 804 444 (luatuor
825 379 975 440 clemento-

80 497 143 535 rum
173 476 334 555 primordia
353 485 456 538 cadum
477 485 507 540 et
527 486 711 557 componunt,
737 481 846 541 leviore
866 481 975 560 quidem
1081 525 1084 536 .

80 584 180 637 e‘e‘rem
204 584 238 638 et
258 580 383 652 aetbma,
405 581 541 661 graviore
562 588 665 640 terram
687 588 717 640 et
736 601 813 642 mare
827 589 976 654 ·31-oo;

80 679 147 737 eole
178 687 211 738 et
240 680 335 758 pluvia
361 681 474 760 plantae
501 689 531 741 et
556 682 711 742 animantes
732 681 803 742 fiunt
825 687 975 756 37-403
1055 704 1060 714 '

81 779 164 840 vices
185 789 313 840 aetatum
326 772 507 842 ¹terrestrium
529 803 618 862 usque
635 783 671 842 ed
688 783 816 845 diluvium
835 789 976 856 41—423

82 889 216 960 tempora
251 883 380 956 heroica,
415 885 600 966 Argonautae
619 892 674 946 ‘4³
688 919 729 930 -
743 891 800 960 443
835 886 975 964 Peeiplreii

81 987 122 1045 45
135 1015 180 1030 -
194 992 257 1057 603
286 985 358 1046 mele
378 986 562 1064 Hesperidum
584 993 641 1058 613
661 987 789 1045 Plredton
812 993 850 1046 62
864 1019 904 1030 —
919 994 974 1058 633

80 1104 182 1144 nemus
207 1088 355 1164 Gryneum
377 1093 537 1159 (rc-733
560 1087 656 1164 Scylla
677 1079 839 1158 74—773
861 1087 975 1146 Teroua

82 1195 113 1244 et
133 1188 299 1248 Philomela
319 1197 360 1250 78
373 1219 411 1236 -·
426 1197 478 1250 81.

168 1297 324 1352 31-36.
363 1291 503 1368 Syrouem
531 1289 697 1369 Epicureum
719 1289 865 1370 Virgilium
887 1308 976 1367 aeque

81 1409 115 1448 ac
136 1391 250 1452 Verum
272 1387 394 1463 audiere,
416 1411 451 1452 ea
467 1411 513 1450 ree
530 1377 548 1452 e
565 1391 693 1462 Donato,
716 1392 817 1452 Servio
836 1398 865 1450 et
877 1390 975 1451 Pboce

81 1511 178 1552 coram
208 1493 375 1571 aequalibus
403 1494 486 1571 pleae
511 1492 631 1552 inveniri
662 1512 718 1552 non
740 1493 831 1574 megin
853 1500 973 1572 poterat,

82 1612 166 1670 quern
196 1594 323 1672 alioquin
349 1614 446 1673 perum
473 1593 671 1673 perspicimue,
704 1595 771 1672 quid
801 1613 905 1654 ceurae
926 1594 972 1668 sit,

81 1714 132 1754 cur
164 1697 204 1756 ab
233 1695 380 1774 Epicureis
408 1696 529 1756 decretis
555 1711 666 1756 carmen
694 1697 807 1754 ordiens
835 1697 909 1754 Vero
931 1695 974 1754 ie·

82 1797 223 1876 scriptum
240 1795 335 1858 fuerit.
379 1789 496 1858 Servius
512 1817 547 1857 ea
563 1796 733 1856 auctoritate
750 1795 874 1854 conlisus
889 1797 973 1857 etiem

81 1899 158 1957 banc
178 1900 279 1958 mirem
299 1899 463 1979 allegoriam
486 1916 644 1977 proponere
665 1916 750 1956 aucus
766 1905 825 1954 eet:
849 1896 974 1956 Silenum

82 2018 150 2060 cue
172 2002 329 2080 Syronem‚
352 2000 484 2058 Chromin
507 2005 537 2058 et
557 1998 715 2074 Maosylum
736 1979 847 2076 pectem
870 2003 900 2054 et
918 1998 973 2056 Ve-

82 2120 161 2175 rum3
204 2103 350 2180 nympham
388 2109 481 2160 autem
520 2098 763 2178 supervenientem
795 2104 973 2177 praeceptum

81 2202 258 2280 Epicureum
279 2208 508 2280 repraesentare:
532 2201 570 2258 uil
591 2200 653 2259 sine
674 2201 818 2278 voluptate
840 2219 971 2260 summum

81 2301 301 2380 perlectumque
334 2321 407 2362 esee.
450 2303 551 2360 Verum
585 2301 652 2378 quid
681 2300 780 2360 alianis
807 2300 972 2360 testimoniis

81 2423 159 2482 opus
182 2406 247 2463 ceti
288 2405 353 2483 lpse
376 2403 511 2485 Virgilius
531 2402 559 2460 ia
583 2401 750 2472 Catalectis‚
781 2420 897 2480 quorum
913 2402 971 2460 sin·

84 2524 171 2564 cerae
207 2506 327 2586 originie
359 2505 441 2566 fidem
469 2525 530 2564 cum
559 2503 753 2564 Grammaticis
781 2503 970 2570 Quintilianus

85 2623 200 2686 quoque
220 2613 251 2668 et
269 2607 412 2666 Ausonius
433 2606 556 2682 faciunt,
584 2611 793 2684 praeceptorem
815 2626 894 2666 auum
915 2606 969 2682 Sy·

85 2726 183 2768 renem
204 2709 302 2768 leudat
322 2710 372 2768 Vll
379 2751 388 2781 ,
410 2717 445 2770 8:

170 2845 230 2902 llos
252 2845 288 2903 ad
310 2844 408 2902 beator
430 2841 493 2904 vele
514 2841 646 2899 mittimus
668 2846 775 2917 portua,
830 2875 833 2882 ,

171 2963 269 3045 Magni
291 2965 420 3042 petentes
441 2961 525 3018 docta
545 2959 620 3018 dicta
641 2956 769 3034 Syronis,

172 3076 318 3172 vitemque
340 3080 374 3138 ab
397 3080 470 3137 omni
491 3075 689 3138 vindicabimur
711 3091 788 3131 cura.

89 3212 203 3276 Decimo
238 3215 267 3274 in
304 3213 426 3274 carmine
460 3230 571 3290 quoque
604 3211 652 3267 ad
680 3210 795 3268 villam
826 3209 966 3286 Syroair

92 3333 179 3394 prope
199 3337 218 3376 a
238 3317 345 3388 Rome,
372 3315 434 3386 ubi,
462 3314 524 3372 dum
547 3311 611 3392 egri
632 3310 855 3370 describerentur
875 3309 967 3371 militi-

93 3414 152 3489 bus,
174 3419 248 3498 quod
268 3419 387 3486 videtur,
409 3415 473 3474 inde
495 3435 512 3473 a
533 3433 598 3474 vere
620 3413 684 3472 anni
706 3409 859 3470 Dccxru.
880 3430 969 3490 unque
