2462 4028
212 296 281 360 19ss
492 277 650 340 senous
670 275 714 346 x,
739 282 834 338 1-3.

214 456 307 520 animo
326 455 409 536 legat
430 455 577 512 commota.
600 447 712 526 Caprae
732 461 813 502 meac
832 438 981 500 fruticetis
1003 437 1117 497 interos

215 563 379 640 pascuntur,
401 559 431 614 et
452 553 542 611 saltus
562 548 627 612 voci
647 551 793 606 resonant.

301 667 392 719 1-3.
413 651 585 714 Arethusa
596 648 662 708 sous
683 647 878 726 appellabatur
898 641 1113 712 celeberrimus,

215 763 325 822 insulae
352 755 508 836 Ortygiae,
548 771 621 832 quae
653 755 780 828 quartam
811 751 921 826 partem
954 744 1113 820 Syracusa-

216 883 277 922 rnm
297 859 376 920 urhis
396 856 520 916 tenebat.
558 853 703 931 Nymphae
725 849 845 908 fontium
865 865 954 924 quum
976 863 996 903 a
1016 849 1114 922 pasto-

216 965 295 1024 ribus
323 962 394 1020 deae
421 977 486 1018 osse
513 957 698 1016 crederentur
724 950 837 1010 numine
863 967 917 1006 suo
940 945 1113 1024 inspirantes

218 1074 320 1129 v.10.
350 1065 402 1124 55.
430 1061 485 1130 ΙΙΙ,
515 1065 566 1120 85.
594 1057 660 1126 Vll,
689 1061 744 1124 213
771 1052 807 1112 ad
833 1050 1004 1110 Arethusam
1029 1065 1112 1102 suam

220 1165 394 1228 Theocritus
409 1163 607 1240 Syracusanus
627 1154 744 1234 spiritus
766 1171 834 1211 suos
856 1151 1112 1230 plerumqueacce·

220 1276 286 1350 ptos
308 1263 460 1326 referebat.
487 1260 619 1322 Moschus
639 1257 689 1328 ΙΙΙ,
711 1263 752 1318 77
774 1255 810 1314 de
830 1254 956 1312 llomero
978 1257 1010 1310 et
1021 1249 1112 1308 llioue

221 1369 339 1430 cecinit:
847 1343 849 1346 ¹

357 1479 452 1534 Dilecti
468 1461 565 1547 pariter
581 1474 682 1528 fumant
698 1491 714 1526 a
730 1472 859 1538 sontibus3
877 1473 943 1522 alter

356 1568 499 1630 Pegaseos,
518 1565 585 1614 alter
601 1559 700 1612 biberat
717 1557 805 1610 latices
822 1555 978 1608 Arethusae.

223 1673 342 1749 lpseque
364 1666 542 1726 Theocritus
563 1684 595 1722 se
612 1663 742 1742 jactabat
762 1661 823 1731 Vll,
847 1667 905 1722 91:

290 1813 324 1822 -
341 1811 376 1820 —
392 1803 424 1822 ..
443 1779 542 1846 Lycida
559 1773 605 1840 mi,
622 1795 665 1831 me
680 1779 793 1831 docuere

291 1867 397 1920 Eximia
414 1866 448 1918 ad
464 1869 566 1916 montes
582 1863 729 1931 Nymphae,
748 1877 827 1929 quum
844 1867 962 1922 armenta
978 1864 1070 1915 tuerer,

292 1955 386 2012 Multa,
402 1951 473 2005 lovis
490 1947 578 2018 superi
595 1949 627 2000 ad
645 1948 737 2000 solium
755 1962 820 2016 quae
837 1945 906 1996 fama
923 1941 1030 1996 serebat.

226 2062 289 2120 Hoc
309 2065 451 2138 postremo
473 2055 537 2118 loco
563 2052 630 2112 mihi
654 2051 780 2130 adspira,
807 2049 935 2128 Nympha
956 2043 1117 2104 Theocriti.
1211 2099 1212 2124 3

230 2160 351 2228 Quando
372 2160 481 2218 demum
505 2153 640 2236 Virgilio,
667 2154 728 2233 ajo,
759 2151 800 2210 ita
821 2151 914 2210 dicere
934 2146 1027 2216 licuit,
1058 2144 1118 2202 uisi

229 2282 303 2324 anno
326 2259 492 2330 DCCXVll,
514 2276 598 2336 quum
618 2253 718 2335 majori
739 2253 827 2332 operi,
852 2249 964 2312 carmini
984 2249 1022 2307 de
1040 2245 1120 2328 agri·

230 2364 340 2424 cultura
361 2367 476 2441 coepto,
507 2365 598 2418 totum
619 2377 651 2416 se
673 2357 741 2414 dare
762 2354 922 2426 coustituit,
944 2351 1058 2429 itaque,
1079 2348 1120 2407 uti

229 2466 351 2534 videtur,
373 2466 505 2538 eclogas
527 2479 602 2530 sues,
624 2459 654 2517 id
676 2464 734 2528 est,
756 2457 929 2516 emendatam
950 2451 1118 2510 electionem
1211 2485 1212 2526 ᾖ

230 2563 334 2644 passim
356 2563 494 2621 editorum
509 2560 677 2636 idylliorum,
697 2559 752 2616 hoc
762 2557 915 2617 novissimo
926 2561 956 2614 et
968 2566 1117 2614 extremo

232 2669 351 2735 auctam,
372 2662 402 2720 iu
423 2662 514 2720 lucem
535 2659 645 2718 emisitt
667 2660 766 2718 Merca
785 2655 919 2729 Gallus,
942 2657 1004 2735 ipse
1023 2661 1119 2734 poeta,

232 2767 277 2829 cui
298 2765 348 2828 vix
371 2765 424 2824 dea
444 2761 537 2840 aliqua
558 2759 668 2840 poetria
689 2779 801 2818 carmen
827 2759 993 2840 negaverit,
1019 2775 1119 2818 versus
1211 2781 1212 2784 ¹

234 2869 342 2949 expetit
363 2888 381 2928 a
401 2864 491 2936 nohis,
513 2863 666 2934 Arethusa,
685 2880 812 2936 paucos
824 2859 940 2939 expetit,
964 2866 1003 2930 et,
1027 2877 1119 2937 quam·

234 2973 278 3034 vis
305 2969 397 3030 auimo
423 2969 532 3040 laesus,
567 2977 676 3024 tamen
701 2963 788 3035 mitis,
820 2970 850 3022 te
876 2961 1012 3043 placidam
1041 2961 1118 3019 deam
1211 2979 1212 2988 ¹

236 3076 384 3145 decentes,
413 3076 444 3128 ut
470 3069 515 3130 vel
535 3065 657 3146 Lycoris
684 3085 734 3124 eos
761 3067 855 3142 legat
878 3059 1067 3142 resipiscens,
1094 3065 1122 3120 et

236 3173 376 3234 levitatem
399 3191 487 3242 suam,
510 3175 661 3229 amatorem
682 3173 737 3226 tam
760 3173 887 3225 tenerum
903 3163 1025 3246 fugisse,
1048 3163 1121 3222 dam-

237 3280 294 3334 net.
317 3274 361 3332 lle
383 3271 537 3330 Cornelio
563 3268 664 3330 Gallo
685 3269 721 3328 ad
743 3274 853 3328 sextam
874 3268 1003 3348 eclogam
1024 3265 1056 3326 in
1076 3285 1120 3324 ar·

237 3374 365 3454 gumeuti
385 3370 548 3430 narratione
560 3377 598 3430 et
617 3391 645 3430 u.
668 3378 709 3433 64
730 3369 860 3442 diximus.
902 3370 989 3428 Tunc
1011 3366 1119 3446 quidem

238 3491 313 3534 auno
334 3471 463 3532 DCCXV
485 3471 600 3542 (ludus,
625 3491 716 3534 aanor
736 3479 820 3534 uatus
840 3469 944 3554 viginti
963 3491 1032 3540 sex,
1054 3473 1120 3548 post
1211 3469 1212 3514 l
