2444 4020
395 255 551 317 ECLOGA
573 255 629 329 lx,
652 261 788 319 35-36.
974 267 1039 330 177
1092 321 1097 328 ,

135 439 211 480 mum
233 426 345 480 nectum
367 441 441 495 esse,
463 429 496 515 ut
517 423 644 484 versibus
667 425 828 484 celebratus
849 424 903 498 sit;
930 431 963 485 nt
983 426 1037 488 viri

13 543 14 546 ¹
135 528 170 580 et
191 520 271 579 multi
293 527 323 580 et
344 523 470 594 nobiles,
492 523 642 583 intereos
663 524 742 584 iuius
763 523 915 596 Antonius,
938 526 1035 586 trium-

132 621 192 682 viri
219 619 293 678 fitius
321 619 398 700 (num
426 622 568 702 principes
597 624 719 704 Romani
741 625 900 684 doctrinam
920 645 1035 690 revere-

133 717 254 800 buntur)
278 720 306 778 in
329 723 391 801 ejus
413 723 537 782 sennium
559 725 705 798 venerint;
728 732 758 785 et
772 731 805 784 ut
814 725 916 784 Verrio
930 727 1033 786 Fineen
1152 729 1157 737 '

134 821 338 899 aequiparetus
374 822 421 881 sit.
473 823 593 883 Carmen
623 823 692 882 iliud
719 825 755 883 de
783 832 866 903 pnrtu
893 826 1033 886 Adonidis

134 921 253 1002 egebat,
276 941 358 999 quem
380 924 502 999 Smyrna
523 924 584 985 sive
598 925 715 1001 Myrrha
737 945 775 983 ex
796 943 849 982 suu
870 925 961 1004 ipsius
982 947 1032 1004 psa

132 1025 180 1080 tre
214 1021 312 1080 edidit.
354 1023 437 1081 Hune
467 1022 577 1100 quidem
605 1041 664 1080 rem
691 1043 791 1084 versus
816 1023 863 1082 irie
888 1023 1031 1083 Prisciani

131 1121 188 1194 Vl,
222 1129 262 1182 16
290 1143 318 1200 p.
343 1127 405 1183 277
426 1141 450 1180 s.
473 1121 550 1180 nuile
572 1121 656 1179 mndo
677 1121 837 1180 eddubitnri
858 1122 941 1193 sinit,
970 1123 1030 1183 sive

130 1222 264 1302 legetur:

252 1327 288 1379 At
305 1329 390 1379 scelus
406 1325 506 1379 ineesto
525 1325 639 1391 Cinyrae
655 1327 789 1379 erescebat
804 1325 833 1378 in
850 1329 925 1391 elr03

128 1422 204 1494 sive,
227 1421 302 1498 qnod
324 1421 476 1480 emendare
497 1421 558 1483 vult
578 1420 767 1494 Burmannus,
788 1422 953 1500 Smyrnae
974 1441 1026 1502 pro

131 1521 302 1600 Cinyrae:
375 1543 377 1554 ’

233 1627 269 1679 At
286 1628 370 1680 scelus
387 1627 486 1681 incesto
504 1629 632 1693 Smyrnae
649 1629 782 1682 erescebat
798 1629 826 1681 in
843 1627 913 1682 airu.

128 1722 220 1792 Sunt,
243 1722 291 1800 qui
311 1721 440 1783 Helvium
462 1722 595 1796 Cinnam,
618 1722 759 1782 tribunum
781 1723 880 1802 piebis,
904 1721 1023 1782 Cinnam

127 1828 259 1880 nostrum
286 1840 351 1880 esse
373 1821 553 1892 existiment,
581 1840 676 1899 quem,
704 1823 812 1881 Cnesnr
833 1841 916 1899 quum
934 1809 1023 1882 effer·

126 1929 226 1991 retur,
258 1920 305 1979 eui
331 1919 426 1978 fueret
448 1920 569 1990 nmieus,
602 1921 682 1998 plebs
703 1920 841 1978 seditiose
863 1926 893 1978 et
914 1921 1022 1979 Cerne·

126 2021 198 2080 lium
227 2039 292 2080 esse
319 2019 439 2078 cinnum
466 2025 626 2098 praetorem
653 2018 784 2097 opinate,
817 2016 940 2078 neenvit.
983 2019 1023 2076 At

127 2121 272 2180 nominum
304 2120 461 2198 sequuiitns
489 2117 558 2177 nihii
586 2138 639 2177 nos
667 2119 770 2177 ducere
796 2123 907 2195 petest3
937 2135 1020 2195 quum

127 2240 222 2298 neque
243 2219 372 2278 tribunus
394 2239 412 2277 n
433 2238 571 2297 quoquam
593 2225 715 2296 quatuor
735 2216 948 2288 historicorum,
971 2217 1020 2294 qui

128 2321 191 2399 ejus
214 2319 382 2377 mentionem
404 2318 521 2390 fuciunt,
544 2318 625 2396 quusi
646 2318 758 2377 celeber
772 2317 827 2376 iile
847 2320 943 2394 posu,
965 2334 1019 2375 nec

126 2427 229 2480 contre
250 2425 335 2504 poete
357 2439 375 2478 n
396 2418 601 2490 Grammaticis,
623 2425 680 2476 tem
695 2416 799 2476 eximin
816 2433 888 2474 nene
899 2413 1018 2494 perisse,

125 2519 267 2580 tundetur.
312 2519 379 2578 Veri
405 2518 523 2578 similius
544 2525 605 2590 est,
638 2517 683 2577 vei
704 2517 772 2577 anui
793 2515 924 2575 DCGXV
944 2516 1017 2576 Para

124 2621 230 2682 tisinum
257 2619 349 2678 Asinii
375 2619 514 2678 Pollionis
535 2617 744 2698 expeditionem
766 2623 879 2697 petitum
901 2615 1015 2677 vidisse.

124 2721 196 2780 Num
224 2739 262 2778 ex
290 2721 351 2799 ejus
378 2721 606 2794 Propemptico
633 2717 800 2776 Pollionis
821 2733 922 2775 versus
943 2734 1015 2770 nnn-

123 2821 194 2878 nuili
226 2826 378 2898 supersunt
411 2815 572 2897 (Granum.
601 2811 737 2877 Parcet.
765 2833 792 2890 p.
821 2819 862 2872 99
889 2809 1013 2872 Barth.

123 2922 199 2978 adu.
222 2920 275 2990 tv,
298 2916 369 2996 20),
392 2936 510 2993 querum
531 2919 727 2995 argumentum
748 2931 767 2970 a
788 2909 918 2988 precibus
939 2910 1012 2969 veti-

122 3017 167 3079 vis
188 3018 217 3075 in
239 3015 443 3097 profectionem
465 3015 541 3073 iilius
562 3033 625 3072 eum
645 3010 740 3070 multis
757 3007 868 3070 exuviis
884 3027 922 3066 ex
937 2993 1021 3066 belin=

122 3117 241 3177 redituri
270 3115 349 3174 dueis
370 3116 454 3192 plene
475 3131 532 3172 nun
555 3113 698 3171 nbhnmet.
740 3109 801 3168 Nee
822 3105 933 3168 dubium
955 3113 1010 3178 est,

122 3217 190 3297 quin
226 3216 344 3274 Ciunnm
377 3213 541 3294 diligentem
568 3208 674 3269 urtisex
701 3208 806 3269 severit
832 3227 889 3265 non
916 3206 1007 3266 minus

92 3364 98 3370 .
121 3313 355 3396 diligentissimus
375 3314 490 3373 Asinius
511 3311 604 3371 Pellio
626 3311 674 3380 ΙΙΙ,
697 3315 747 3380 86,
769 3307 818 3390 qui
839 3305 923 3366 etiem
938 3306 1016 3365 edo--

120 3417 232 3477 ieseens
252 3433 339 3494 suepe
360 3415 435 3474 iilum
457 3412 532 3492 npud
552 3409 701 3484 (intuitum,
722 3405 1008 3549 utriusqueQemie'um
