2462 4028
213 335 279 396 210
438 310 616 398 slichaon
638 319 683 392 x,
708 323 841 380 πει-25.

214 483 306 553 noctis
334 491 495 572 potentibus
522 490 633 570 inquies
660 494 800 548 nocturna
821 487 969 560 tribuitur3
997 496 1027 546 et
1047 489 1109 546 llo-

213 595 304 654 ratlus
325 592 375 665 ΙΙΙ,
397 592 450 651 od.
478 598 515 651 18
538 611 556 650 a
577 593 676 651 Fauno
700 596 846 668 precatur,
879 594 911 646 ut
938 587 1017 668 agris
1044 589 1107 648 suis

213 703 242 756 et
262 695 358 775 paruis
378 691 498 754 alumnis
518 698 627 771 parcat.
670 691 778 750 Auctor
799 691 993 749 Romanarum
1008 689 1106 770 origi.

211 815 287 871 num,
309 794 423 866 Panem,
443 791 581 864 Faunum,
604 793 703 851 lunum
725 800 756 852 et
773 792 927 863 Silvanum,
948 791 998 861 ait,
1022 793 1106 850 eleum

212 899 337 958 eumdem
358 893 536 978 significare,
566 902 596 954 et
616 893 786 953 Plutarchus
808 894 836 951 in
859 892 1023 963 Parallelis,
1046 893 1105 950 Sil·
1222 907 1223 976 l

211 1017 312 1061 vonmn
325 993 407 1068 esse,
428 995 647 1076 interpretatur,
670 995 859 1076 Aegipanum,
882 995 962 1074 cujus
982 991 1104 1052 formam

212 1099 370 1161 semiferum
392 1099 504 1158 hobus
532 1097 559 1156 ei
586 1105 616 1156 et
636 1097 809 1176 Pomponius
831 1095 886 1154 Llr.
909 1097 935 1167 Ι,
960 1103 1001 1156 20
1021 1095 1103 1154 addi-

211 1210 293 1276 cunt3
321 1219 485 1280 quamquam
513 1218 574 1259 cum
594 1199 716 1280 Virgilio
740 1204 838 1256 nostro
861 1197 909 1256 alii
931 1215 1043 1275 quoque
1072 1203 1104 1256 et

212 1305 289 1385 ipsos
307 1310 342 1362 ‘et
363 1317 459 1362 eorum
482 1301 597 1380 prolem,
619 1300 714 1360 Penes
736 1306 765 1358 et
785 1299 927 1369 Siluanos,
949 1305 1103 1356 secernunt

211 1402 375 1485 upnrytn,
397 1399 433 1476 rt,
457 1410 507 1464 ao.
527 1419 557 1482 p.
580 1401 640 1464 aas
665 1401 730 1481 (aa.
751 1413 780 1480 p.
801 1397 889 1482 aar).
922 1399 1025 1458 tamn
1045 1407 1102 1472 est,
1222 1371 1223 1418 ¹

211 1527 268 1566 non
290 1507 457 1587 religionem
479 1505 630 1584 publicam,
652 1502 913 1582 interpretationem
933 1507 1030 1561 autem
1052 1521 1102 1580 pe·
1222 1515 1223 1552 ἕ

210 1607 358 1665 steriorem
381 1604 526 1666 Silvanum
548 1617 606 1664 nou
629 1603 733 1677 miuus,
764 1621 846 1682 quam
867 1605 1008 1676 Faunum,
1036 1623 1101 1662 curn
1222 1595 1223 1668 l

209 1707 289 1764 Pane
316 1707 540 1778 commiscuisse,
570 1712 599 1764 et
625 1705 654 1762 in
683 1705 796 1786 signum
823 1705 958 1762 seminum
979 1704 1100 1762 (tmuium
1222 1733 1223 1742 Ι

209 1825 302 1868 rerum
325 1800 416 1888 (lap,
447 1804 549 1888 siloa)
571 1795 800 1865 transformasse.
833 1807 981 1878 Smenos,
1011 1825 1097 1886 vege·

208 1915 255 1968 tus
281 1924 371 1968 senex
389 1909 444 1969 ov.
458 1909 537 1969 Mat.
558 1902 642 1979 xlv,
666 1915 742 1980 639,
769 1905 849 1965 rudis
871 1909 951 1986 quasi
972 1907 1097 1968 silvicola

147 2058 149 2062 .
209 2011 382 2090 conspicitur
403 2005 534 2082 llanlll,
557 2011 609 2069 ol.
633 2012 682 2080 29,
706 2015 755 2080 Μ,
778 2009 857 2089 cujus
878 2029 938 2069 vox
959 2011 1098 2088 potentis-

207 2112 278 2171 sima
303 2118 390 2170 noctu
418 2125 456 2170 ex
484 2111 563 2172 silvis
591 2117 711 2170 resonat
737 2110 796 2168 lul.
825 2111 892 2169 llis.
922 2119 956 2182 8,
985 2111 1094 2188 peritus

207 2220 306 2292 pastor
330 2211 456 2284 fistulae,
484 2218 514 2270 et
541 2209 687 2270 frondibus
711 2213 812 2272 melae
840 2219 990 2270 coronatus
1009 2211 1092 2290 Galp.

207 2315 243 2390 ll,
255 2323 304 2378 28.
327 2315 359 2373 ln
370 2308 591 2372 Moutclulconio
603 2312 734 2372 editionis
745 2312 931 2374 Germanicae
942 2313 1094 2385 cxxxii,

206 2415 272 2478 fil
293 2415 446 2476 secundem
475 2417 512 2474 la
530 2412 682 2474 Clausae
698 2413 803 2496 specie
829 2411 939 2472 effictus
959 2421 1006 2472 est
1028 2414 1097 2473 nudi
1222 2427 1223 2442 ¹

206 2515 260 2576 viri
282 2523 312 2575 et
332 2513 451 2589 barbati,
473 2516 502 2574 in
521 2517 625 2594 capite,
648 2515 721 2574 sient
737 2515 861 2586 'videtum
884 2533 989 2574 corono
1010 2515 1095 2576 silve·

207 2616 274 2674 stris
294 2622 350 2687 est,
372 2615 433 2675 falx
454 2615 483 2673 in
506 2615 617 2688 dextra,
635 2617 669 2674 in
690 2617 814 2674 sinistra
827 2635 929 2687 ramus,
953 2625 1020 2676 ante
1032 2638 1095 2676 cunr

207 2718 286 2778 cauis
310 2717 394 2777 sedet
415 2715 587 2796 srrspioieus3
614 2723 644 2775 et
657 2718 725 2795 fig.
749 2725 769 2778 9
792 2718 943 2776 seeundum
964 2719 1095 2777 Boissar-

208 2821 271 2878 oum
293 2818 436 2880 dimidiata
458 2819 520 2900 ejus
540 2817 632 2878 lorm'a
654 2837 739 2898 super
759 2819 901 2892 columna,
931 2839 993 2878 eum
1015 2817 1095 2880 serto

207 2919 301 3002 pineo.
342 2921 473 2982 Ferulae
498 2925 676 2980 communis
695 2919 752 2992 L„
782 2919 938 2979 everaerts
964 2914 1095 3010 νᾶρθηζ,

206 3021 236 3080 in
258 3022 339 3082 ltalia
359 3023 498 3096 Ferale,
522 3021 557 3082 ab
576 3022 677 3103 Aegiis
690 3023 816 3096 fimocl
831 3027 932 3100 grant
950 3022 1011 3082 sive
1032 3022 1094 3084 foe·

207 3120 327 3183 mianum
356 3123 522 3205 giganteum
550 3122 637 3194 llicto,
654 3141 681 3188 c
709 3123 827 3194 crassis,
854 3125 989 3195 ramosis,
1017 3124 1093 3184 intus

207 3223 368 3284 utelullosls
389 3227 523 3297 caulibus,
545 3225 592 3304 qui
614 3225 708 3284 decem
729 3226 815 3304 pedes
828 3225 946 3304 amplius
961 3236 1092 3308 surgunt,

207 3323 276 3385 folia
298 3325 400 3386 emittit
418 3325 553 3386 foeniculi
575 3333 604 3385 et
624 3325 730 3406 amplos
752 3325 898 3404 corymbos
919 3325 998 3386 lloris
1014 3328 1091 3398 lutei,

207 3425 256 3504 qni
276 3427 427 3486 seeundum
447 3419 569 3486 Plinium
589 3427 668 3499 XXl,
695 3435 714 3490 9
734 3447 758 3486 s.
782 3436 823 3488 30
844 3429 879 3487 ad
902 3442 995 3490 serta
1015 3429 1090 3488 adli-

207 3525 353 3583 bebantur.
406 3527 508 3586 Gaulos
548 3527 743 3588 etiamnunc
777 3529 905 3590 homines
944 3529 1089 3590 meridiani
