2340 4036
214 195 220 202 ¹
332 243 485 304 eunoun
508 243 556 303 ru.
579 250 725 306 su-so.
931 254 979 318 eu

90 412 151 471 uem
180 410 325 490 spoauleeo
358 409 492 470 leniorem
527 411 603 471 illam
637 411 800 471 incisionem
830 413 977 494 recipiunt,

89 511 164 590 quod
184 509 293 591 genus:

88 607 325 662 Bocbluoescbsust
335 606 380 672 dn,
398 607 450 662 und
460 607 639 678 lrsgstluicbt,
659 609 831 676 vericensi,
848 611 978 665 oAlexis!

89 711 236 795 Menalcae
257 709 406 771 excusatio
426 711 577 772 Theocriti
605 721 651 773 est
671 713 749 786 Vlll,
774 719 828 786 15,
850 715 902 776 sed
922 735 980 776 rao·

89 797 143 893 gis
157 813 290 872 diluuntur
315 843 317 848 .

121 900 168 1006 iris
185 923 248 978 mihi
264 941 348 991 agnas
365 925 415 978 erit
430 943 584 996 numquam,
602 934 677 995 pater
693 935 733 982 est
749 929 810 982 milri
828 945 930 998 saevus,

120 1011 210 1064 Mater
225 1015 252 1063 ct
268 1015 325 1075 et,
343 1009 456 1078 pecudes
472 1017 560 1078 pastas
577 1011 621 1079 qui
637 1027 746 1080 vespere
763 1021 878 1068 censent.

90 1115 224 1189 Caprae
244 1099 299 1172 rite
320 1111 471 1174 Novembri
497 1131 594 1172 mense
615 1114 825 1194 concipiebant,
852 1123 885 1176 at
904 1116 980 1178 llar-

89 1215 131 1273 tio
151 1200 287 1294 perorent
307 1213 536 1294 turgescentibus
557 1214 699 1296 virgultis,
721 1216 795 1295 quad
814 1217 883 1276 utile
904 1225 981 1278 esset

89 1314 225 1374 matribus
246 1321 276 1374 et
295 1308 388 1390 natis3
414 1323 480 1392 post
500 1315 615 1374 tertium
635 1335 756 1375 mensem
779 1317 912 1395 depulsae
933 1337 980 1378 cc-

88 1415 181 1494 pellae
201 1413 341 1495 singulari
362 1409 455 1496 grege
485 1416 690 1493 poscebantur„
724 1417 785 1476 llas
806 1435 909 1496 cupreo
930 1437 980 1478 au·

88 1525 203 1575 etumno
224 1515 319 1575 editoe
340 1522 420 1588 suut,
442 1515 539 1595 quales
560 1517 582 1588 l,
607 1523 656 1576 14.
679 1517 738 1588 Vll,
761 1525 790 1580 9.

175 1621 323 1678 sn-as.
366 1616 424 1676 Pro
445 1635 534 1678 vacco
560 1623 654 1675 eutem
676 1617 847 1678 leutitiorum
875 1617 980 1698 aliquid

88 1715 256 1796 paciscitur,
288 1717 373 1775 etiam
405 1717 479 1796 quod
511 1716 663 1796 pretiosius
694 1716 721 1776 ci
753 1717 897 1778 videaturr
929 1737 981 1797 per

85 1819 284 1896 poculorum
304 1816 450 1877 artificiosi
472 1818 581 1896 operis,
612 1835 728 1896 quorum
749 1817 839 1898 ipsum
860 1819 980 1897 pretium

88 1904 116 1977 in
138 1937 229 1978 cansa
255 1915 363 1988 fuerat,
397 1925 429 1976 ut
456 1919 559 1976 nullius
587 1918 677 1976 adbuc
703 1937 771 1978 usus
798 1919 980 1997 quievissent.

87 2019 229 2078 Pocula
249 2019 377 2096 ligneis
400 2037 456 2076 non
487 2017 663 2078 detrectabat
683 2037 730 2076 ars
751 2017 837 2098 signa
857 2019 981 2078 eminea-

88 2120 129 2179 tia
151 2117 330 2196 exsculpere.
373 2119 535 2178 Athenaeus
565 2119 675 2196 quidem
704 2118 805 2197 pocula
827 2119 981 2178 'l'lrericlea

86 2220 205 2288 landet,
227 2236 284 2274 non
307 2215 411 2288 solura,
438 2235 511 2294 quac
532 2235 570 2273 ex
590 2218 692 2297 atgilla
712 2215 792 2287 licta,
814 2219 864 2277 sed
886 2219 979 2290 etiarn,

87 2335 169 2400 quae
202 2334 241 2374 ex
274 2313 433 2372 terebiatbo
466 2320 581 2373 tornare
613 2323 643 2374 et
677 2317 819 2393 scalptura
850 2305 982 2377 distincta

89 2423 186 2480 erant.
243 2414 320 2474 Vasa
353 2433 464 2494 quoque
494 2416 626 2494 fagea,
671 2413 780 2474 Plinius
813 2417 895 2476 tertis
927 2426 980 2491 est,

91 2521 160 2580 olim
181 2517 211 2577 in
232 2515 325 2596 pretio
346 2513 445 2588 frume,
467 2516 552 2576 etiam
573 2516 602 2576 ia
624 2515 701 2576 cultu
722 2516 853 2577 deorum:
876 2525 907 2578 et
927 2519 980 2579 Ti·
1105 2533 1112 2538 ·

92 2621 185 2682 ballue
206 2617 229 2690 l,
252 2624 303 2688 10,
325 2623 345 2686 8
367 2622 495 2695 tempora
514 2617 650 2698 mejcrnm
671 2617 794 2678 carmine
815 2618 953 2678 celebrat:

159 2715 278 2782 Faginus
295 2714 413 2768 suebat
429 2731 508 2782 qnam
524 2714 635 2784 scyphus
648 2720 712 2789 ante
729 2715 818 2784 dapes.

91 2805 192 2882 'utem
212 2819 287 2878 illam
317 2822 511 2902 toreutices,
548 2837 604 2897 qua
629 2816 738 2898 ligures
765 2819 920 2877 eminentes
940 2819 980 2877 la·

95 2916 177 3001 pide,
203 2919 330 2990 metallo,
362 2918 436 2980 uitro
458 2925 488 2978 et
514 2917 594 2999 ligno
616 2918 778 2988 caelabaat,
812 2937 894 2995 wem
914 2917 981 2976 Pbi·

97 3021 160 3080 alios
185 3019 308 3100 aperuit,
341 3018 476 3078 Artemon
505 3017 637 3097 perfecit,
670 3017 769 3078 eodem
795 3018 891 3089 modo,
925 3038 980 3097 quo

96 3103 248 3202 pictruam,
280 3117 376 3178 liberis
397 3123 505 3178 tantum
526 3127 556 3178 et
575 3118 722 3200 ingenuis,
753 3137 901 3196 numquam
922 3137 981 3178 ser·

97 3221 150 3292 vis,
171 3237 307 3280 exercere
325 3217 413 3278 licuit.
455 3217 650 3278 Alcimedon
669 3235 754 3278 verus
770 3217 875 3277 artifex
892 3217 981 3279 fuisse

51 3363 54 3370 -
96 3321 224 3392 uidetur,
251 3321 330 3400 cujus
351 3318 453 3381 viliora
473 3337 561 3396 opera
586 3325 645 3376 tum
666 3317 744 3376 inter
766 3311 887 3378 rusticos
908 3300 982 3396 celo·

99 3421 161 3482 bria
190 3427 297 3482 'essent
349 3421 455 3481 Pastor
485 3417 586 3498 aliquis
615 3417 764 3481 Theocriti
791 3417 829 3489 V,
858 3413 919 3478 10³4
946 3418 981 3475 ule
