2462 4028
328 281 333 290 ,
412 233 567 292 ECLOGA
588 233 627 304 X,
650 239 787 294 70—74.
981 241 1049 302 aad

295 398 365 460 Quod
382 399 449 448 lotus
467 397 552 451 arnardo*
569 397 673 450 rabulae
689 399 818 463 arctasque

463 483 564 546 Jupiter
580 489 658 547 aren.

158 601 315 660 Vehemens
342 621 411 662 sane
439 601 517 661 calor
544 601 683 676 aestivus,
716 619 772 680 qno
800 599 969 659 frumentum
990 621 1047 659 noa

156 708 264 760 tontum
285 709 315 762 et
335 721 465 782 gromen,
486 701 716 780 quemadmodum
734 703 793 775 Vll,
817 705 866 773 57,
889 721 951 762 cum
974 704 1049 762 nuda

155 802 214 862 vite
240 803 287 861 sni
315 803 405 882 perit,
437 803 487 862 sed
514 804 559 863 rel
586 802 699 861 intimus
728 802 813 862 liber
840 803 935 862 altae
965 805 1048 862 aalma·

154 901 286 964 vitiferae
309 913 389 962 aestu
412 912 539 962 necatur.
569 901 750 981 Aethiopes
772 904 800 962 io
824 899 955 963 fabuloso
979 904 1051 962 orbe'

156 1013 296 1064 terrarum
322 1004 397 1062 illins
425 1003 560 1082 temporis
589 1024 607 1062 a
633 1005 788 1063 meridiana
815 1004 902 1083 plaga
930 1004 1048 1062 orientis

154 1105 224 1162 solis
252 1107 289 1164 ad
316 1105 497 1164 meridianam
526 1104 638 1183 plagam
661 1078 923 1174 occidentis-solis,
954 1105 1048 1181 plnres

156 1208 276 1284 populos
298 1205 446 1283 complexi,
469 1212 625 1263 extremum
639 1225 742 1274 ,arcum
764 1205 940 1284 occupabant
961 1223 1048 1282 prope

155 1310 313 1378 Oceanum,
346 1306 395 1384 qui
424 1307 459 1364 ab
488 1305 568 1364 exitu
595 1305 674 1364 sinus
702 1306 815 1364 Arabici
841 1307 877 1364 ad
908 1307 1048 1384 Europam

155 1427 255 1468 versus
283 1407 492 1466 coarctabatur.
536 1407 568 1464 lo
595 1407 665 1466 urbe
687 1409 782 1484 Syene
798 1408 874 1486 jam,
902 1426 974 1486 quae
996 1408 1047 1466 sub

154 1507 264 1587 tropico
289 1509 411 1568 Cursori
434 1513 511 1579 erat,
541 1507 639 1566 diebus
665 1507 839 1588 longissimis
865 1507 1048 1568 meridianum

155 1610 243 1668 solem
270 1630 356 1688 supra
386 1616 471 1689 capnt
498 1609 648 1668 habebant.
692 1611 798 1668 Strabo
826 1625 876 1668 eos
897 1610 1047 1688 plerosque

155 1693 296 1770 Nomades
319 1731 457 1788 pauperes
479 1730 543 1770 esse
565 1709 643 1779 dicit,
666 1709 722 1787 qni,
744 1711 790 1770 vel
813 1710 880 1768 nudi
901 1711 946 1770 vel
968 1709 1046 1788 pelli-

155 1812 207 1870 bus
234 1811 321 1890 teoti‚
351 1811 405 1890 ipsi
433 1811 534 1890 exigui
560 1817 685 1880 statura,
717 1830 779 1868 cum
808 1809 915 1890 exiguo
943 1829 1047 1889 pecore

156 1915 264 1970 oviam
286 1909 387 1988 capillo
410 1911 540 1989 caprino,
568 1929 716 1988 caprarum
738 1915 768 1967 et
788 1909 888 1982 boum,
917 1929 978 1968 oum
1001 1929 1048 1968 eo-

155 2012 238 2070 nibus
266 2029 377 2089 quoque
405 2010 517 2088 parvis,
544 2011 595 2070 sed
627 2009 818 2092 pugnacibus,
846 2029 897 2088 per
917 2009 1046 2088 patriam,

155 2115 217 2173 sole
238 2120 329 2172 ustam
352 2120 381 2172 et
403 2133 533 2184 macram,
556 2113 695 2191 palantur.
739 2112 799 2169 Hos
820 2131 912 2191 vagos
935 2130 1047 2170 errores

154 2220 309 2294 postorum,
331 2232 402 2292 quos
426 2213 561 2294 Virgilius
582 2214 637 2274 Lb.
660 2215 709 2286 ΙΙΙ,
733 2219 794 2273 339
818 2211 961 2284 describit,
984 2231 1047 2272 ver-

154 2317 220 2378 bum
245 2315 339 2395 pingit
365 2333 518 2385 versare,
548 2334 633 2392 saepe
660 2319 786 2384 vertere,
815 2314 920 2371 circum
947 2331 1045 2392 agere,

154 2417 232 2476 nulla
253 2416 364 2480 ratione
387 2413 482 2473 habita
504 2415 609 2474 Graeci
635 2414 755 2473 moisio:
789 2413 860 2473 alias
888 2412 961 2472 euim
982 2433 1046 2472 sae·

153 2517 217 2596 pius
249 2518 278 2576 id
310 2517 464 2598 legeretur.
512 2515 587 2574 Nibil
615 2515 712 2574 Amori
743 2515 866 2574 resistit:
905 2514 1046 2594 proverbii

154 2620 245 2678 instar
267 2618 436 2677 exclamatio
459 2637 496 2676 ex
510 2617 580 2677 ‘ciri
601 2639 628 2680 v.
651 2623 723 2679 437.
751 2618 848 2682 Quare
870 2622 899 2674 et
921 2635 977 2697 ego
1001 2635 1045 2674 me

123 2791 125 2798 Α
154 2721 215 2798 ejus
249 2721 393 2798 potentiae
420 2719 585 2799 subJ’iciam.'
621 2720 691 2777 Cum
718 2719 773 2776 boc
799 2719 915 2776 decreto
944 2715 1043 2775 Gallus

153 2822 301 2878 Arcadiam
323 2821 464 2896 relinquit.

237 2927 375 2981 ner—74.
408 2920 508 2992 Poeta,
530 2937 678 2996 personam
700 2935 806 2997 gerens
828 2916 950 2996 caprarii
971 2937 998 2976 v.
1014 2919 1055 2987 7,

153 2997 345 3079 narrationem
368 3019 412 3077 bic
433 3018 581 3095 abrumpit,
604 3037 661 3076 non
684 3018 761 3075 lente
782 3017 952 3095 exprimens,
975 3035 1043 3094 quo-

154 3122 236 3180 modo
260 3121 373 3190 Gallus,
402 3117 509 3176 numini
536 3138 568 3177 se
589 3118 696 3176 dedens
717 3117 843 3190 Amoris,
874 3117 936 3196 ipso
959 3123 1045 3196 poeta

154 3222 270 3291 comite,
299 3239 336 3279 ex
357 3219 479 3278 Arcadia
499 3219 629 3292 redierit,
653 3225 697 3292 et,
721 3239 758 3278 ex
779 3225 846 3280 voto
869 3238 921 3276 sno
942 3238 969 3280 v.
993 3225 1044 3279 322

154 3343 171 3381 a
193 3322 352 3400 pastoribus
373 3321 503 3380 Arcadiis
524 3321 627 3380 montis
648 3321 773 3381 Maenali
794 3327 823 3380 et
835 3319 941 3398 Lycaei
961 3341 990 3382 v.
1003 3326 1042 3381 14

153 3421 272 3484 defletus
293 3423 339 3483 sit.
384 3423 462 3482 Salis
482 3423 528 3497 sit,
551 3424 621 3482 lrnec
642 3443 719 3495 eurio,
742 3423 884 3480 llusarum
907 3419 1044 3482 beneficio
1068 3443 1073 3450 ·
