2380 4028
278 283 280 294 ,
329 223 481 284 ECLOGA
503 225 549 284 Vl.
593 233 737 290 27-30.
930 243 970 304 91

83 391 230 470 ipsaeque
261 389 377 450 arhores
409 411 479 471 prae
509 392 623 452 libidine
659 396 802 455 cacumine
837 405 978 458 nuunnt.

86 493 164 551 Tam
188 491 362 551 admirahilis
383 494 519 553 modulati
541 501 640 554 cantus
661 495 792 568 effectus,
816 496 912 557 nasim
933 519 980 559 se·

83 599 146 652 tute
174 612 195 650 a
223 599 311 652 cantu
338 594 430 654 aliena
456 591 529 675 (qna
549 597 632 675 pauci
653 615 762 657 versum
785 607 918 658 accurate
939 601 979 658 di-

83 713 215 754 mensum
242 714 327 754 sensu
347 696 398 758 vix
423 697 468 757 vel
495 697 531 755 ad
553 717 650 770 sums,
682 700 781 758 nedum
802 701 838 758 ad
860 702 979 760 animum

86 795 239 854 accidente
276 797 374 878 legere
414 796 520 880 sciunt)
561 819 617 858 non
659 799 756 859 defore
771 815 774 826 ·
789 821 845 860 non
874 803 980 874 dubito,

84 897 187 974 quihus
201 897 250 956 ad
270 899 408 958 ridioilnm
427 919 517 979 usque
538 908 736 981 exaggeratus
758 921 821 960 esse
839 904 978 963 videatur.

63 999 203 1079 'Virgilii
235 1002 385 1077 aequales,
414 1001 631 1079 qui'rhythmus
658 1003 723 1080 quid
744 1002 773 1058 in
796 1010 880 1061 cantu
901 1005 979 1063 etin

84 1100 222 1160 oratione
246 1100 356 1180 possit,
379 1107 409 1160 et
429 1101 483 1180 ipsi
504 1101 615 1181 planius
636 1103 774 1162 sentirent
796 1099 866 1182 (tam
888 1106 980 1182 plane,

85 1208 133 1274 ut,
156 1203 305 1262 Cicerone
330 1201 477 1276 [orator.
494 1201 524 1264 c.
547 1205 603 1284 63]
619 1211 758 1277 'auctore,
780 1204 930 1283 aliquando
952 1206 981 1264 in

85 1303 166 1376 foro,
196 1323 286 1383 qmurn
313 1303 461 1363 dichoreus
489 1311 555 1384 opte
576 1305 705 1378 caderet,
737 1306 856 1385 populus
878 1307 981 1365 Rome·

84 1425 138 1464 nus
164 1405 284 1466 laetitia
302 1405 425 1486 gestiret
446 1413 477 1466 et
499 1407 710 1487 applauderet),
738 1414 768 1466 et
788 1408 835 1486 qni
858 1408 979 1468 cunula-

86 1513 131 1566 tus
158 1527 343 1566 numerorum
372 1507 606 1570 conformationis
633 1510 730 1568 laudes
758 1529 794 1568 ex
822 1510 892 1568 artis
922 1529 980 1568 ma-

86 1608 189 1688 gistris
213 1608 253 1672 nil
275 1609 404 1668 admirati
426 1610 574 1668 audirent:
598 1589 622 1668 'ii
645 1629 679 1668 ea
699 1610 726 1668 iu
750 1631 781 1668 re
802 1617 980 1670 consecrate-

87 1729 150 1768 rnm
177 1709 338 1780 fabularum
365 1711 400 1768 de
426 1711 595 1788 Amphione,
627 1712 738 1789 Orpheo
766 1719 795 1770 et
821 1713 928 1772 Arione
950 1721 979 1772 et

86 1812 236 1889 opinionis
256 1810 486 1883 recordabantur,
508 1831 580 1890 quae
601 1813 685 1870 etiarn
706 1819 766 1872 tum
786 1813 902 1893 vigebat
922 1815 977 1872 Lh.

86 1914 140 1984 lv,
164 1920 225 1984 64,
248 1933 303 1991 qna
324 1914 460 1990 pastoris,
482 1912 626 1972 venatoris
648 1919 766 1990 stapes
788 1915 913 1972 curantis
936 1915 976 1972 di-

87 2015 197 2072 monsis
224 2013 302 2072 sonis
329 2013 408 2092 ipsae
428 2012 508 2071 lerae
529 2013 684 2071 obedirent.
727 2013 885 2086 Faunus,
914 2014 977 2073 Pici

85 2107 188 2189 lilius,
216 2116 328 2193 priscus
349 2133 401 2173 rex
422 2113 515 2184 Latii,
549 2115 658 2184 exiis,
687 2114 734 2191 qui
755 2114 836 2193 primi
857 2114 976 2192 aliquan

85 2215 294 2273 humanitatem
314 2214 485 2283 afferebant,
507 2221 573 2291 post
593 2215 699 2274 ohitum
720 2235 820 2273 numen
843 2235 977 2295 agrorum

85 2315 189 2374 laetus
214 2313 387 2384 vaticinans,
417 2315 523 2373 Pacui
549 2315 568 2373 i.
591 2335 615 2374 e.
638 2315 776 2373 dementis
796 2315 907 2374 nomine
930 2336 976 2374 co-

86 2417 215 2476 lehatur.
261 2417 371 2474 Graeco
397 2423 479 2474 sacra
505 2435 587 2494 quum
614 2415 770 2502 irruerunt,
805 2417 893 2496 ipsum
916 2417 975 2497 qui-

86 2520 153 2577 dem
177 2535 242 2576 esse
263 2518 387 2576 Partem
407 2518 548 2594 Lycaeum
570 2517 629 2578 sive
650 2517 817 2596 Lupercum,
839 2519 974 2580 Faunos

90 2625 202 2691 autern,
236 2619 271 2678 ab
301 2637 336 2676 eo
364 2625 394 2676 et
414 2639 432 2676 a
452 2619 550 2677 Fauna
571 2617 631 2680 sive
651 2620 743 2678 Fatue
764 2620 871 2692 editos,
905 2641 974 2700 quo-

90 2739 152 2802 rpm
174 2741 232 2781 vox
255 2739 292 2779 ex
314 2719 400 2790 silvis,
423 2739 562 2799 saepeque
583 2727 693 2779 terrore
710 2721 818 2780 Panico
840 2721 869 2778 in
891 2741 973 2799 proe-

92 2821 141 2879 liis
169 2821 328 2892 audiretur,
360 2821 455 2880 Panes
482 2841 546 2880 esse
571 2821 684 2880 fabulae
705 2841 724 2880 a
744 2821 865 2880 Graecia
885 2839 974 2898 nuper

95 2921 192 2981 illatae
219 2922 397 3002 interpretati
423 2930 499 2982 sunt.
542 2915 612 2994 Est,
636 2923 711 3001 quod
737 2928 835 2979 notatu
858 2920 973 3000 dignum

96 3021 238 3096 videatne,
259 3024 416 3094 Horatium,
438 3025 567 3102 quoniam
588 3025 617 3081 in
638 3043 717 3082 usum
739 3021 922 3102 elegantioris
942 3031 973 3084 et

96 3125 309 3184 translationum
322 3125 516 3205 intelligentis
537 3125 657 3182 Romani
678 3123 802 3203 scripsit,
824 3143 970 3202 numquam

97 3225 234 3286 Arcadico
255 3227 367 3287 nomine
389 3228 509 3296 Panem,
540 3227 590 3284 sed
611 3227 735 3284 Faunum
757 3226 877 3299 dixisse3
904 3248 970 3288 con-

97 3332 143 3386 tra
169 3327 197 3386 in
222 3329 337 3410 Eclogis
364 3327 509 3408 Virgiliu-
536 3347 592 3386 non
614 3325 668 3386 nisi
683 3327 813 3400 Panem,
839 3330 969 3407 qnoniam

98 3429 206 3490 Graeca
232 3429 342 3490 soboles
369 3431 599 3502 Meliboeorum,
617 3413 782 3508 'l'ityrorur'n
809 3438 838 3490 et
863 3434 970 3494 lllensl·
