2340 4036
83 309 92 320 '
200 294 265 356 loll
466 283 620 344 nondun
642 283 689 344 ll'.
713 291 838 345 8—10.

270 451 335 502 Esse
353 465 403 516 ego
421 465 560 518 numquam
582 449 651 502 inter
667 448 772 516 quintos
788 447 907 500 homines
925 447 1091 511 voluissem

272 535 362 590 Senior
380 539 424 586 aut
441 533 513 586 nasei
530 535 658 586 malebam
676 537 720 584 aut
737 538 797 583 ante
814 531 914 584 moriri.

270 620 398 672 Ferreum
417 617 485 670 enim
503 635 586 683 genus
603 617 653 669 hoc
670 615 930 668 hominum---

272 703 390 771 luppiter
407 702 499 754 horum
518 701 595 753 etiam
612 701 703 752 vocale
720 699 833 751 abolebit
850 705 876 750 at
894 717 1000 752 aevum.

205 824 317 905 'Pomen
348 823 525 882 Cumaeam
554 841 688 880 carmem
709 827 860 900 propterea
874 841 938 890 ¹non
961 822 1105 892 Hesiodo,

207 923 287 1002 eujus
307 929 389 1002 pater
411 943 447 982 ex
461 925 548 981 Cume
564 921 650 980 Asiae
672 921 807 979 oriundus
829 904 905 991 erut,
929 941 994 980 eum
1006 923 1106 980 Probo

206 1022 382 1082 tribuendum
395 1032 455 1097 θεῖς
476 1025 627 1082 Cumueum
644 1043 755 1081 carmen
781 1042 863 1100 quum
875 1024 1008 1080 Romano
1021 1043 1103 1080 suam

208 1123 341 1202 Sibyllam
354 1125 471 1204 primum
487 1132 516 1184 et
523 1125 697 1204 potissimum
708 1123 736 1180 in
750 1123 869 1182 animum
881 1131 1051 1194 revocaret,
1077 1130 1105 1182 et

204 1223 321 1284 Hesiodi
349 1245 462 1284 ourmen
485 1245 521 1283 ne
544 1225 694 1283 Cumoeum
717 1221 842 1302 (juidem,
871 1225 923 1282 sed
945 1225 1103 1283 Ascraeum

159 1306 163 1314 .
205 1333 290 1384 esset.
334 1326 396 1384 Dea
416 1327 598 1398 laeticiae,
633 1323 730 1404 Δικη,
754 1346 790 1384 ex
812 1326 885 1386 Jove
907 1332 938 1384 et
960 1326 1103 1384 Themide

206 1433 287 1496 uate,
316 1445 388 1503 quoe
410 1427 581 1505 pedetentim
603 1433 669 1504 post
690 1447 805 1485 aureum
827 1433 949 1484 oetatem
972 1426 1102 1484 diseede-

205 1527 269 1597 but,
291 1533 463 1606 postremum
485 1547 576 1586 aeneo
597 1534 692 1586 aetate
714 1527 750 1584 ed
772 1527 895 1599 eoelum,
923 1527 1025 1585 ultime
1046 1527 1101 1584 De·
1158 1593 1159 1602 χ

208 1646 302 1696 arum,
340 1625 486 1698 ovolohot,
524 1628 613 1706 uude,
652 1627 680 1686 iu¹
712 1627 839 1686 Zodieee
880 1627 981 1706 Virgo
1014 1627 1101 1696 soem,

207 1728 328 1786 Astraeo
350 1729 409 1789 sive
431 1729 515 1810 virgo
537 1729 649 1788 sidereo
676 1748 693 1787 e
719 1729 924 1788 recentioribus
946 1729 1101 1798 nominate,

205 1815 323 1888 relucet.
367 1829 560 1890 Albinovanus
587 1831 628 1904 ll,
659 1838 697 1890 23
728 1850 841 1888 aureum
869 1830 1011 1910 virginem
1039 1850 1100 1889 erun

205 1931 337 2008 appellet.
395 1931 548 1992 Cluristiuui
579 1937 775 2009 pervertentes
807 1931 926 1990 Mariam
958 1931 1098 2012 virginem

204 2032 258 2089 hoc
280 2033 343 2090 loeo
365 2039 540 2111 repererunt.
583 2033 628 2090 Ad
637 2034 692 2090 hoc
707 2053 758 2092 ver
779 2033 873 2090 muudi
894 2031 1025 2103 rediens,
1048 2032 1097 2090 suh

203 2139 305 2210 poculo
328 2140 357 2190 el
378 2133 465 2190 libero
486 2133 631 2190 Saturne·
653 2132 789 2210 imperio,
813 2153 887 2191 nune
901 2153 1020 2192 nouum
1040 2154 1097 2212 ge·

203 2252 267 2291 nus
294 2230 471 2292 humanum
500 2233 642 2304 nuscitur,
671 2233 751 2312 eujus
780 2235 982 2314 generosiores
1004 2235 1096 2304 enimi,

205 2335 359 2394 secuudum
374 2334 549 2394 Platonicam
563 2323 732 2414 'opinionem
754 2335 807 2393 Lb.
831 2336 877 2406 lV,
903 2343 974 2406 221,
997 2336 1097 2415 quippe

150 2505 156 2518 ι
204 2455 242 2514 ex
265 2436 359 2494 animo
385 2436 527 2493 mundano
554 2435 648 2494 omnio
676 2423 818 2495 animante
839 2433 974 2510 fluenteS,
1005 2435 1096 2496 exli·

203 2535 364 2614 quidissimo
394 2533 539 2594 Aethere
561 2536 666 2608 creati,
694 2557 885 2614 osupremo
907 2541 997 2597 coele
1018 2539 1096 2597 etel-

203 2637 305 2708 lr‘fero
333 2637 569 2708 domiminum
598 2635 635 2696 el.
664 2637 697 2708 V,
726 2642 776 2700 56.
805 2639 1003 2698 Dimittieur
1032 2657 1096 2717 spu·

202 2735 291 2810 rium,
314 2737 387 2816 quod
410 2743 517 2795 tautum
540 2745 585 2796 est
606 2759 629 2796 a
650 2745 853 2812 remittere,
877 2738 962 2802 Heln.
983 2738 1026 2800 A.
1049 2740 1095 2798 hu·

202 2835 251 2896 bet
273 2859 290 2896 e
311 2838 401 2917 primo
423 2859 519 2912 mauu,
543 2847 572 2898 et
597 2834 636 2900 C.

289 2980 415 3032 8-10.
458 2971 586 3030 Melioris
607 2974 737 3054 generis,
767 2975 842 3052 quod
864 2975 978 3034 rediens
1000 2995 1095 3036 eumn

203 3079 326 3130 astutum
338 3079 520 3150 experturum
531 3080 589 3144 est,
612 3075 764 3153 primitius,
785 3073 873 3136 lilium
895 3075 1014 3136 fortune
1035 3096 1095 3136 esse

204 3172 370 3243 destinavit,
393 3173 440 3250 qui
462 3193 499 3239 ex
522 3173 661 3236 Pollionis
688 3196 780 3236 uxore
802 3184 994 3257 exspectetur.
1040 3177 1096 3238 Sed

204 3281 251 3344 tu,
280 3274 365 3354 virgo
393 3273 520 3347 Lucius,
552 3275 663 3342 felicem
692 3279 743 3336 des
773 3277 838 3338 lunio
860 3297 948 3358 puero
970 3285 1095 3358 perlem:

199 3374 258 3453 jum
280 3373 353 3432 enim
381 3372 477 3436 ferreo
498 3375 588 3436 setes
606 3379 703 3440 ultimo
732 3380 800 3440 unni
827 3373 961 3440 mundani
983 3379 1097 3440 sseeulo

202 3473 313 3546 linitur,
342 3474 432 3537 fratre
455 3483 504 3536 tuo
525 3479 656 3557 Apolline
677 3485 828 3562 regnante.
856 3515 892 3528 ·-
936 3481 1096 3550 Mundus,
