2340 4036
178 293 245 358 loa
428 266 653 357 annonam.
676 283 821 342 ca-cs.

177 461 240 514 crat
254 473 328 528 arca
348 453 477 526 feriandi,
499 450 675 515 vaticinandi
691 457 720 508 ct
741 448 877 520 musices3
900 455 958 506 tum
980 442 1066 506 medi·

178 557 274 627 cinae,
305 551 492 634 postremum,
522 571 659 625 conversa
680 550 726 608 dei
747 554 904 628 potestate,
939 549 983 606 sol
1005 549 1066 626 ejus

176 677 300 737 persona
326 654 493 714 informatus
514 660 567 712 est.
610 651 782 729 Aliquando,
819 669 903 726 quum
924 648 1067 726 pulchram

127 743 351 834 soaplmen
376 756 446 813 deus
476 759 655 832 sequeretur,
685 751 775 811 Penei
801 748 902 821 filiam,
931 747 1069 807 Thessali

178 856 270 928 fluvii3
292 854 393 925 anxia,
415 861 448 912 ut
469 859 632 926 mutaretur,
654 873 672 912 a
694 853 747 912 diis
769 857 884 930 precata
906 855 964 921 est,
988 849 1069 908 etin

179 959 316 1016 laurum
336 955 439 1026 crevit,
472 973 527 1033 qua
555 954 624 1012 deus
652 955 719 1014 inde
749 951 947 1018 coronabatur.
991 951 1069 1027 Hya-

179 1053 339 1130 cinthum,
372 1063 491 1116 amatum
520 1075 651 1134 puerum,
684 1075 721 1114 ex
742 1053 859 1132 Amycle
883 1053 929 1112 vel
951 1051 1068 1122 Gebala,

180 1175 251 1238 rege
273 1159 428 1236 Spartano,
460 1165 572 1227 natum,
605 1157 682 1215 disco
711 1155 810 1214 ludens
838 1151 995 1224 interfecit,
1031 1171 1070 1210 ex

180 1260 320 1338 sanguine
342 1257 394 1316 llos
420 1277 577 1336 purpureus
598 1256 690 1316 factus
713 1263 771 1327 est,
807 1255 949 1336 gladiolus
970 1259 1071 1312 noster

181 1359 240 1418 sive
267 1358 319 1414 iris
341 1359 380 1428 ΙΙ,
405 1367 453 1418 18.
475 1359 529 1416 Lb.
551 1359 605 1428 lV,
630 1366 703 1428 137,
726 1357 805 1435 cujus
835 1374 925 1415 venae
951 1352 997 1414 vel
1017 1351 1073 1411 A!

181 1457 270 1518 literis
290 1458 393 1514 luctum
416 1459 476 1530 dei,
507 1459 552 1520 vel
568 1459 617 1529 Ὺ,
645 1458 725 1536 pueri
746 1457 860 1536 primam
891 1455 1002 1513 literam
1024 1474 1070 1512 re·

181 1557 257 1616 ferre
283 1557 457 1616 videbantur.
500 1559 570 1638 Ejus
597 1559 686 1638 igitur
712 1559 741 1616 in
770 1559 902 1615 bonorem
925 1555 1070 1616 Menalcas

181 1658 236 1728 ita,
269 1657 497 1736 quemadmodum
525 1661 657 1736 Corydon
686 1659 727 1731 ll,
756 1665 805 1720 50.
834 1663 889 1726 54,
922 1657 951 1714 iu
979 1655 1070 1714 bortis
1106 1642 1111 1651 ¹

182 1761 298 1818 lacerae
317 1767 347 1818 et
366 1758 562 1839 hyacinthon
584 1761 659 1832 colit,
683 1779 798 1839 quorum
821 1758 960 1837 spaciosa
981 1777 1070 1816 verno

182 1860 360 1938 aequinoctio
382 1862 418 1918 ad
440 1870 575 1920 aestatem
596 1861 707 1920 florent.
751 1862 905 1938 Semper,
930 1859 981 1916 sed
997 1857 1072 1937 justi

182 1959 280 2019 doraum
302 1963 436 2041 temporis
456 1963 567 2022 ratione
589 1963 726 2033 habital,
750 1968 799 2022 53.

198 2079 199 2086 ’
265 2068 410 2124 Ἰ64---65.
454 2065 527 2122 Hinc
558 2065 594 2122 ad
623 2083 734 2123 versum
761 2071 800 2124 83
825 2064 960 2142 juvenes,
992 2081 1072 2121 more

183 2163 347 2248 certantium
370 2162 406 2221 cf.
423 2165 483 2234 Vll,
501 2171 550 2234 29,
572 2163 694 2241 quinque
715 2163 797 2242 paria
815 2164 982 2224 lascivarum
1004 2183 1071 2222 ean·

182 2263 288 2321 tionum
315 2271 499 2336 commutant,
531 2263 602 2343 quae
630 2285 686 2322 non
714 2285 781 2322 suas
808 2285 871 2335 res,
906 2265 956 2322 sad
977 2264 1072 2343 lepide

182 2361 297 2424 inventa
319 2352 474 2426 continent.
517 2367 604 2424 Primi
622 2365 731 2442 quidem
752 2366 829 2444 paris
847 2367 901 2424 boc
919 2385 1071 2446 argumen-

182 2472 239 2522 tum
262 2471 321 2524 est:
354 2469 401 2525 Mc
422 2467 530 2543 quidem
554 2485 592 2523 ax
620 2466 697 2526 brevi
721 2474 847 2546 tempore
869 2467 962 2546 puella
984 2473 1070 2538 amat,

182 2573 212 2623 et
235 2567 359 2644 mejam
384 2565 490 2644 pridem
511 2587 581 2644 puer
605 2573 634 2624 et
664 2568 765 2646 puella.
815 2568 967 2626 Damoetas
986 2570 1071 2648 juve-

182 2665 264 2723 nilem
282 2673 311 2724 et
329 2666 470 2744 aliquanto
486 2668 633 2726 tectiorem
650 2689 771 2728 amorem
786 2669 962 2742 Galateae,
986 2689 1071 2748 quarn

181 2765 265 2825 finxit
275 2767 392 2846 puellam
410 2768 552 2842 rusticam,
575 2769 615 2828 ita
630 2770 813 2843 adumbravit,
836 2777 871 2828 ut'
883 2777 960 2829 recte
973 2771 1071 2828 adum·

182 2867 273 2926 bratio
294 2888 356 2926 cum
381 2870 529 2927 Theocriti
557 2871 684 2948 exemplo
711 2871 749 2942 V,
774 2879 828 2945 88,
852 2873 926 2950 quod
950 2879 1072 2950 sequuta

182 2977 241 3040 est,
262 2969 417 3047 comparari
440 2970 544 3047 possit3
566 2971 614 3029 ubi
638 2971 678 3030 ita
696 2974 829 3032 Cametas
848 2973 971 3032 orditur:

248 3085 283 3135 Et
300 3083 427 3136 Clearista
443 3083 507 3151 petit
525 3061 653 3152 pastorem
671 3087 763 3138 callida
780 3087 864 3154 malis,

249 3168 357 3222 Quando
375 3185 425 3234 ego
443 3185 493 3234 ago
510 3186 616 3238 capras,
634 3171 722 3225 rixans
741 3178 767 3224 et
784 3173 894 3225 amabile
910 3175 983 3225 ladit.

181 3271 327 3342 Malam,
362 3273 442 3351 cujus
466 3274 577 3334 nomine
600 3275 745 3335 Romanus
773 3285 909 3350 cotonea,
936 3284 1070 3358 granata,

180 3372 306 3442 Persica,
329 3372 426 3444 citrea,
448 3374 559 3434 Medica
580 3379 825 3456 complectebatur,
851 3378 953 3438 Veneri
976 3397 1073 3437 sacra-

182 3479 239 3530 tum
262 3479 337 3544 erat,
369 3477 449 3555 cujus
471 3477 566 3557 imago
594 3479 683 3537 altera
704 3499 788 3538 mann
810 3480 950 3538 interdum
976 3479 1076 3538 florem
1114 3485 1118 3492 '
