2380 4028
374 275 531 338 ECLOGA
548 278 614 350 vlt,
637 283 773 340 29-32.
979 285 1021 350 8¹

126 446 286 508 exordiens
311 446 454 524 quomodo·
473 446 586 506 tandem
608 445 633 504 is
655 444 785 506 desinett
827 445 1024 508 Maecenatem

125 546 248 608 Servius
270 545 355 606 habet
376 553 405 606 et
427 546 615 626 antiquissimi
636 547 739 626 quique
760 546 825 606 iibri
846 547 963 627 scripti,
985 549 1022 608 ad

123 667 198 728 quon
225 647 310 707 ticin.
339 646 373 706 A
398 647 524 720 accedit3
561 659 774 721 crescente'nr,
813 649 889 728 quod
916 648 1022 708 lentina

128 749 249 820 dicatur,
271 749 550 828 interpretamentum
573 757 628 810 est.
672 749 729 828 lpsi
744 749 848 820 Codro,
872 749 919 828 qui
932 768 1022 829 poene

127 848 268 928 Apoiiinie
290 849 381 908 instar
402 849 495 922 canit,
518 871 586 930 prae
609 853 753 921 invidia,
782 869 865 929 quum
888 871 906 909 a
928 851 1021 910 tirone

98 971 160 1056 qse
181 941 283 1010 victum
306 950 421 1021 videbit,
444 954 510 1010 e'lr'a
532 964 738 1027 rumpentur.
781 951 940 1010 Humiiiime
956 969 1027 1009 sen-

126 1071 205 1130 sum,
235 1051 324 1130 ipsius
339 1069 392 1112 cx
414 1053 507 1112 animo
529 1051 557 1110 in
580 1053 720 1112 hominem
741 1050 820 1133 frugi
842 1051 1020 1123 translatura,

126 1172 211 1232 quarn
243 1171 341 1212 masse
369 1151 484 1211 dicitur!
529 1153 593 1212 Non
616 1159 724 1210 tontum
746 1152 789 1210 sui
807 1151 943 1232 jactatio,
971 1151 1023 1210 sed

127 1255 278 1313 immodica
299 1271 411 1334 qunque
434 1272 471 1312 ex
492 1252 557 1312 otiis
578 1253 714 1324 laudatio,
736 1253 835 1312 ocutus
856 1271 943 1330 saepe
964 1271 1022 1312 ma-

129 1349 227 1436 lissnus
255 1356 311 1428 ΙΙΙ,
353 1361 411 1416 103
440 1353 576 1414 ultionem
598 1353 792 1414 commovebat
813 1354 947 1412 maiorurn
969 1371 1024 1433 ge·

83 1493 90 1502 -
122 1456 250 1515 miuron.
295 1455 405 1522 Quodsi
437 1456 592 1516 malevolus
625 1453 729 1514 fortius
755 1455 904 1525 laudabat,
939 1471 1023 1532 quarn

130 1557 324 1619 concordante
345 1564 476 1636 pectore,
507 1557 617 1628 idest,
643 1557 739 1616 ultra
758 1557 941 1635 placitum
971 1573 1023 1612 no·

131 1658 229 1718 cetat:
261 1659 363 1730 laude,
394 1657 469 1718 sicut
489 1665 634 1718 nostrates
656 1677 767 1737 quoqne
789 1661 952 1727 antumant,
981 1652 1025 1713 ei·

132 1757 339 1830 fascinaverat,
368 1759 559 1819 interemerat.
608 1759 700 1819 Teios
730 1758 935 1818 fascinationes
963 1753 1023 1814 ior·

131 1860 208 1919 nruia
250 1859 429 1938 depellebant
464 1861 688 1937 praefiscine!
731 1857 844 1918 Nemesi
882 1858 1024 1926 invocata,

132 1959 215 2039 quasi
250 1959 420 2017 insolentiae
451 1960 576 2030 uindice,
612 1966 702 2018 semet
735 1959 814 2035 ipson
842 1955 1025 2032 coneproendo

122 2059 253 2137 aliisque
283 2056 515 2141 indignitatibus,
552 2079 608 2138 quo
636 2059 761 2117 subsidio
788 2057 863 2136 apud
884 2054 1026 2114 Theocri-

133 2165 192 2220 tum
217 2161 271 2234 Vi,
285 2201 288 2206 ,
302 2169 342 2222 39
366 2161 409 2222 vei
427 2161 543 2240 juvenis
566 2161 689 2238 Cyclops
712 2161 885 2236 voluptatem
907 2173 945 2214 ex
968 2153 1027 2212 ior-

133 2280 180 2321 rna
212 2261 241 2318 in
275 2261 345 2320 nari
372 2269 527 2340 conspecta
554 2259 700 2343 innoxium
727 2258 878 2328 reddebat,
911 2273 1025 2314 annexu

124 2363 285 2436 saneim,
309 2379 391 2438 quem
413 2362 504 2439 pudor
525 2367 603 2420 esset
624 2359 786 2438 adspicere,
809 2357 928 2435 aiiieque
951 2357 1028 2415 anu·

132 2461 210 2532 letis,
232 2461 327 2520 inertis
348 2481 459 2540 quoquc
481 2459 685 2542 circumligatis
705 2457 967 2528 averruncaotibus,
989 2473 1028 2514 ex
1109 2488 1114 2494 .

136 2561 237 2642 quitus
259 2563 465 2624 caecarent
486 2564 532 2634 W,
551 2569 607 2635 ΙΙΙ.
650 2561 775 2642 Thyrsis
796 2577 937 2641 arrogans
960 2555 1027 2617 nitrii

136 2663 253 2732 minoris
286 2672 460 2742 exspectat,
477 2674 564 2743 'quam
595 2671 628 2723 ut
658 2665 799 2734 Arcades,
831 2661 1027 2740 intelligentes
1128 2641 1139 2650 “

1 2811 2 2866 p
84 2758 306 2920 §carminum
334 2785 387 2824 sua
407 2773 511 2844 sponte
528 2767 587 2845 jum
610 2768 700 2836 nunc,
723 2763 953 2842 quenadmodum
976 2773 1029 2814 nn-

1 2869 2 2872 ’
125 2864 195 2924 trix
217 2885 296 2924 suurn
319 2865 471 2937 infantem,
502 2867 543 2924 itu
560 2873 693 2939 poetam
714 2883 810 2932 suum,
832 2867 901 2920 cum'
917 2857 1028 2916 nemine

60 3017 62 3022 .
102 2966 370 3092 §comparendum
408 2965 456 3042 qui
492 2977 586 3024 vater
618 2960 870 3042 oiiqnisissustris
897 2957 953 3028 ΙΧ,
978 2959 1028 3025 34,

138 3065 269 3143 Orpheus
290 3067 336 3127 vei
358 3065 459 3136 Linus,
480 3067 525 3124 vel
546 3064 695 3142 Amphion,
717 3061 781 3120 fieri
802 3058 961 3120 destinatus
980 3054 1028 3126 ait,

138 3185 158 3226 a
180 3164 371 3225 fascinatione
391 3172 534 3225 tueantur.

227 3273 376 3327 ΙΙΙ-Μ.
421 3265 533 3324 Dionae
554 3255 674 3325 'venator
690 3261 806 3342 juvenis
825 3257 963 3339 primitias
983 3255 1030 3336 pie

138 3364 269 3438 dedicat,
297 3374 470 3446 capturaque
497 3365 616 3422 durante
642 3362 754 3444 signum
776 3377 959 3420 marmoreum
979 3375 1030 3419 vo-

123 3474 197 3529 ·rct.
220 3483 263 3514 -‘·
285 3466 342 3531 oui
363 3473 449 3526 cantu
470 3457 592 3534 certant,
614 3464 689 3542 quod
710 3463 748 3528 ad
768 3460 1031 3605 tertiameeciogam
