2462 4028
413 253 571 314 ECLOGA
591 253 631 326 X,
657 259 791 316 19—21.
984 261 1053 326 205

159 421 330 504 religionum
362 421 399 480 od
415 409 517 502 ‘patria
545 421 689 482 domicilia
719 421 877 501 templaque
911 441 964 482 sua
989 442 1053 502 pcr-

159 523 310 594 traxerint,
332 521 398 598 Ep.
420 521 529 602 Myrle.
550 525 588 594 ll,
611 532 652 586 36
674 519 754 604 (74).

245 631 390 685 19-21.
433 625 506 684 Post
532 644 601 686 ovcs
628 625 714 704 opilio
742 643 853 704 quoquc
883 623 1054 702 propinquat

160 725 402 805 speculabundus,
432 732 462 786 et
491 726 625 805 deinceps
653 726 701 786 alii
729 732 860 805 pastores
888 725 961 784 alter
989 731 1056 804 post

160 826 287 886 alterum.
316 861 359 871 -
385 825 527 906 Daphnidi
549 827 743 898 Theocriteo,
774 827 838 906 qui,
866 847 950 888 verus
971 846 1055 905 quum

160 934 258 1006 pastor
272 933 358 998 essct,
380 927 434 986 diis
448 949 583 1009 agrorum
604 928 771 988 familiarius
792 929 834 988 uti
855 935 1051 999 consueverat,

159 1028 318 1088 Mercurius
330 1028 447 1107 primum
468 1030 675 1108 propinquabat
696 1029 846 1108 propitius,
869 1035 927 1086 tum
948 1029 1055 1088 coeteri

159 1137 291 1210 pastores
313 1135 343 1188 et
364 1136 430 1208 post
451 1130 499 1190 alii
521 1130 561 1190 dii
581 1131 691 1190 rurales
713 1131 736 1201 l,
758 1136 816 1190 77:

193 1261 339 1315 Mercurius
357 1261 578 1329 primnsxveniens
595 1263 742 1326 demente,
760 1261 821 1314 terit
837 1266 864 1314 te

194 1345 308 1414 Daphni,
326 1345 419 1415 lnquit,
438 1343 515 1414 quisi
532 1345 589 1412 die,
608 1346 683 1400 ardes
702 1361 779 1414 quem
796 1351 848 1398 tam
865 1343 1053 1398 vehementer?

347 1432 470 1484 Pastores
487 1447 584 1484 venere
600 1431 688 1497 benur,
707 1447 842 1500 caprarum
859 1429 1008 1499 oviumque,

195 1516 360 1568 Quaerebant
378 1531 479 1580 omnes,
496 1517 564 1568 male
582 1532 628 1568 our
644 1513 699 1568 sit?

161 1636 312 1715 Sapienter
345 1656 414 1698 oves
443 1636 597 1718 Virgilius,
636 1656 709 1715 quae
741 1635 912 1716 hospitibus,
950 1635 1053 1714 quippe

162 1737 282 1808 cicures,
305 1739 573 1817 propinquaverant,
596 1739 747 1816 opilionem
768 1727 904 1798 continuo
926 1737 1053 1815 aliosque

160 1845 291 1918 pastores
314 1845 450 1915 sequutus
472 1857 536 1896 esse
557 1837 636 1908 facit,
658 1838 831 1916 primumque
853 1838 1052 1916 deinchpol-

158 1939 253 2009 linem,
276 1925 321 1997 oui
334 1938 433 1998 Gallus
455 1939 562 2016 pridem
583 1945 668 1996 notus
690 1945 776 1998 essct.
803 1939 928 2012 Upa'lio,
952 1945 1051 1998 exten-

159 2059 220 2098 suur
242 2059 279 2098 ex
302 2041 422 2114 opilio,
452 2046 549 2098 eustos
571 2037 678 2110 ovium,
706 2042 896 2117 procellae,
925 2041 1000 2118 quod
1022 2047 1052 2100 et

158 2141 248 2220 ipsum
270 2141 419 2220 reperitur.
452 2141 497 2199 Ex
519 2134 572 2214 ὄϊς,
595 2144 664 2198 ouis
686 2139 715 2198 iu
736 2138 819 2200 ltalia
838 2138 934 2212 fiebat,
955 2141 1053 2200 addite

159 2243 333 2322 aspiratione
354 2241 485 2315 Aeolica3
514 2240 559 2312 id,
586 2247 746 2320 correptum
767 2241 795 2300 iu
818 2260 892 2318 ope,
921 2223 1052 2319 quemad-

159 2345 270 2404 modum
292 2341 369 2419 δαὶς,
391 2345 497 2414 davia,
521 2343 616 2416 daps,
640 2341 803 2402 declarabat
820 2343 913 2414 coeo,
936 2343 1052 2404 divitiae

159 2447 291 2524 quoniam
312 2465 350 2504 ex
371 2463 475 2523 pecore
497 2449 594 2513 aaut,
616 2443 751 2521 deamque
772 2443 946 2517 diuitiarum,
975 2445 1049 2520 Ope,

159 2567 232 2626 quae
260 2547 314 2606 dea
346 2545 481 2623 quaedam
515 2551 578 2604 erat
604 2552 748 2624 pastorum
776 2566 794 2606 a
820 2545 910 2625 primo
936 2547 1050 2628 origine

158 2650 245 2725 Erip.
267 2643 374 2727 Mptle
396 2648 418 2719 l,
444 2653 493 2708 17.
516 2669 543 2726 p.
567 2651 627 2708 105
651 2643 751 2727 (111).
774 2647 847 2708 ilinc
867 2647 972 2708 factum
995 2655 1048 2719 est,

158 2758 191 2810 ut
218 2749 339 2828 priscum
365 2749 480 2810 verbum
507 2753 625 2823 opilio,
654 2749 729 2826 quud
758 2749 786 2806 in
813 2748 914 2827 lingua
939 2755 1048 2806 tentum

159 2835 289 2910 manebat
310 2849 432 2920 rustica,
454 2850 490 2908 de
512 2849 639 2908 omnibus
661 2867 771 2924 quoque
793 2848 905 2906 omnino
928 2849 1048 2927 pastori-

159 2951 221 3020 bus,
242 2949 471 3029 quemadmodum
492 2949 566 3026 apud
587 2947 735 3026 Apulejum
756 2949 836 3006 Met.
850 2949 923 3008 Vlll.
945 2971 972 3028 p.
987 2958 1048 3011 210

160 3053 195 3112 de
215 3051 366 3130 capreriis,
398 3048 454 3107 dici
480 3055 586 3126 posset.
629 3048 820 3120 Beroeam,
850 3057 879 3108 et
899 3049 988 3129 ipsum
1010 3071 1048 3110 ex

158 3159 271 3214 uetusta
296 3152 396 3231 lingua
420 3148 622 3222 ruricolarum,
650 3156 746 3208 rector
773 3151 886 3230 proprie
907 3152 989 3212 boum
1011 3154 1047 3212 ad

158 3260 282 3312 aratrum
309 3252 353 3314 vel
381 3251 552 3331 plaustrum
584 3251 625 3310 ite
647 3250 801 3310 Columella
822 3272 856 3311 eo
879 3259 909 3311 et
930 3253 1045 3314 Ovidius

157 3360 289 3414 utuntur:
312 3353 413 3414 deinde
434 3360 533 3433 pastor
552 3353 650 3426 boum3
673 3353 755 3432 quale
775 3352 805 3412 in
826 3354 946 3414 Ausonii
963 3356 1045 3414 LXll

157 3453 373 3538 epigrammate,
409 3455 457 3518 ubi
486 3453 601 3535 primam
633 3455 770 3534 syllabam
797 3455 902 3518 bubus
929 3457 1045 3536 insuper
