2462 4028
205 316 269 377 ‘tlh
465 303 620 376 ECLOGA
642 301 685 374 X,
709 309 843 363 26--ao

207 474 384 554 Tarquinius
395 473 511 532 Priscus
533 473 562 531 in
576 471 718 552 Capitolio
741 472 854 554 signnm
875 480 1111 544 consecraverat,

208 578 298 657 quod,
326 575 457 654 quoniam
479 573 566 634 fictile
588 580 666 646 erat,
690 575 832 632 Censores
853 579 883 631 et
903 593 1003 632 munus
1026 594 1111 633 sunm

208 679 339 737 ineuntes
369 683 399 736 et
426 676 523 736 dicbus
545 674 627 735 festis
648 677 855 735 miniandum
875 674 1009 734 locabant
1031 675 1109 734 Plin.

208 779 345 852 XXXlll‚
370 786 421 839 36.
442 777 565 847 XXXV,
587 783 645 850 453
668 777 713 835 cui
736 777 825 835 eidern
848 775 979 834 relationi
992 775 1109 834 Plutar-
1219 799 1220 820 1

209 882 278 940 chus
301 879 409 939 addidit
430 899 484 958 qu.
508 899 586 937 rom.
609 884 664 952 98,
693 878 780 959 signa
805 878 921 936 deorum
948 877 1109 956 antiquitus
1219 883 1220 892 ’

210 982 296 1041 rubro
327 981 404 1061 picta
429 979 527 1039 luisse.
571 979 628 1058 lpsi
654 979 799 1060 agricolae
825 978 853 1036 in
880 977 1109 1038 Bacchanalibus

211 1105 263 1143 ora
285 1103 338 1144 sua
358 1081 502 1154 incubant,
525 1081 754 1159 quemadmodum
775 1078 901 1138 faecibus
922 1079 980 1140 vini
1000 1079 1057 1139 lm.
1070 1080 1107 1154 ll,
1219 1083 1220 1156 j

212 1193 285 1256 380,
308 1185 350 1243 ita
373 1183 458 1242 minio
480 1201 688 1260 nonnumquam
710 1181 779 1240 Tib.
801 1183 837 1255 ll,
862 1189 890 1252 1,
914 1184 964 1242 55.
988 1180 1109 1239 Trium-

87 1357 90 1362 ,
210 1287 330 1365 phantes
351 1304 471 1364 quoque,
493 1284 644 1344 secundum
666 1283 797 1353 Plinium,
819 1282 980 1342 nominatim
1002 1282 1109 1341 Camil·

211 1389 266 1460 lus,
288 1387 373 1446 minio
396 1387 462 1445 olim
484 1387 678 1468 tingebantur,
699 1391 729 1442 et
749 1391 897 1464 unguenta
917 1363 1108 1462 bempercoc·

197 1503 266 1547 ‘nae
288 1487 463 1566 triumphalia
484 1487 674 1546 miscebantur
694 1485 789 1544 minio.
831 1486 987 1570 Etutam,
1010 1487 1107 1543 Sam-

212 1590 314 1647 bncuc
336 1589 467 1658 ebulus,
499 1589 596 1666 planta
624 1595 668 1647 cst
689 1588 821 1646 sambuco
843 1587 955 1659 similis,
983 1585 1106 1665 quaein

212 1689 340 1748 caulibus
368 1688 519 1746 humilibus
544 1687 614 1746 folia
640 1688 730 1769 longa
756 1696 785 1748 ct
806 1687 900 1760 fusco,
933 1697 963 1748 et
982 1707 1107 1767 superne

213 1788 362 1866 corymbos
389 1786 489 1847 florum
518 1796 548 1847 et
569 1789 716 1849 baccarum
740 1791 835 1849 colore
856 1791 1016 1871 sanguineo
1037 1789 1107 1850 fert.

211 1890 363 1963 Baccac,
391 1889 491 1970 quibus
513 1891 575 1950 Pan
597 1911 630 1950 os
652 1891 707 1950 sibi
728 1889 890 1962 locaverat,
914 1892 1037 1970 proximi
1059 1911 1107 1950 su·

211 1992 332 2073 perioris
360 1993 427 2051 anni
454 1999 529 2052 sunt.
572 1973 731 2066 Minium,
768 1993 882 2054 verbnm
910 1993 1104 2072 Hispanicum

212 2093 389 2154 circumdari
417 2102 480 2153 erat
506 2098 668 2165 uotiuum,
698 2113 792 2175 genus
821 2095 960 2172 quoddam
981 2094 1034 2155 vivi
1054 2113 1101 2152 or-

212 2196 309 2278 genti,
331 2195 411 2256 venis
433 2194 590 2274 sulphureis
611 2195 788 2274 permixtum.
832 2196 949 2266 Graeci,
970 2194 1017 2274 qui
1037 2213 1100 2252 sae·

212 2297 284 2357 culis
305 2297 334 2356 id
355 2303 420 2376 post
441 2297 591 2356 Homerum
613 2303 762 2370 noverunt,
785 2290 901 2374 ἅμμιον
922 2297 966 2368 id,
988 2313 1104 2355 aronam
1219 2351 1220 2396 ,

213 2400 376 2470 rubentem,
393 2398 595 2472 nominabant,
618 2405 647 2458 et
668 2398 769 2478 partim
791 2399 904 2458 nomine
924 2417 1036 2477 qnoque
1057 2399 1103 2456 ln·
1219 2429 1220 2454 r

213 2499 294 2558 dicae
316 2499 485 2570 cinnabaris,
507 2499 616 2560 fructus
638 2521 674 2558 ex
687 2501 836 2560 Dracaena
848 2501 979 2560 Dracone
1000 2499 1104 2558 arbore

214 2599 322 2678 pridem
344 2598 419 2672 noti,
441 2593 600 2682 κιννάβαρι
608 2623 620 2658 .·
654 2620 763 2678 qnare
785 2602 865 2660 noxii
886 2601 1052 2661 accidebant
1074 2599 1104 2658 in

214 2699 354 2760 medicina
376 2719 498 2760 crrores.
541 2701 656 2759 Homeri
676 2701 784 2778 μΐλτος
805 2714 868 2762 erat
888 2703 1017 2762 rubrica:
1046 2721 1104 2779 quo
1219 2739 1220 2742 =

113 2852 115 2860 .
214 2823 381 2886 exgenere
403 2800 532 2881 Sinopis,
561 2821 633 2881 qnae
655 2821 693 2861 cx
715 2803 895 2884 Cappadocia
915 2806 1031 2884 primun
1054 2823 1106 2882 per
1219 2853 1220 2880 ,

214 2905 356 2986 Sinopen,
386 2911 486 2983 postea
507 2924 558 2984 per
578 2905 716 2984 Ephesios
738 2905 953 2978 divendehatur,
982 2906 1106 2964 maxime

215 3014 279 3066 erat
299 3006 417 3067 celebris
438 3005 512 3066 Ptin.
534 3005 670 3079 XXXlll‚
694 3015 734 3068 36
756 3029 794 3067 ss.
817 3007 938 3079 XXXV,
962 3015 1013 3068 13.
1042 3008 1106 3066 Pan

215 3107 434 3188 alloquutionem
461 3127 540 3166 suam
565 3127 695 3168 sermone
722 3107 820 3168 ebullit
846 3107 966 3168 hominis
988 3108 1104 3180 nrorosi,
1219 3127 1220 3136 ¹

216 3209 264 3288 qui
290 3216 320 3269 et
345 3209 406 3288 ipsc
436 3209 566 3289 insuper,
595 3229 678 3288 quum
699 3211 839 3292 Syringa,
867 3211 952 3290 Pityn
976 3203 1006 3270 et
1026 3211 1105 3269 Echo

216 3317 332 3385 amaret,
349 3309 530 3370 acerbitatem
540 3309 675 3371 Amoris
683 3319 759 3372 esset
772 3317 916 3392 expertus.
935 3311 1104 3409 'Similitudh
1219 3379 1220 3394 ,

216 3441 287 3492 nium
304 3442 330 3494 h.
348 3459 375 3494 n.
394 3441 447 3507 36,
460 3439 492 3508 4,
510 3441 557 3495 14:
578 3447 702 3498 nominum
719 3462 803 3500 eornm
819 3453 982 3513 archamala,
1008 3447 1103 3496 lacerto

216 3532 289 3592 utque
303 3541 378 3576 cmm.
459 3569 462 3576 .
1085 3547 1093 3552 ·
