2280 4022
185 319 254 382 m
441 309 596 370 ECLOGA
618 311 652 370 l'.
676 315 823 372 81-84.

252 473 360 540 Cyanee
375 447 487 528 iusueeil
504 491 582 543 quum
596 475 705 542 primum
723 481 816 541 argute
832 474 923 528 cicada

251 559 281 610 lu
299 557 373 610 viridi
390 577 463 612 ramo
480 559 596 612 residens
614 560 716 614 edicere
732 575 852 625 messem,

250 644 386 695 Foecuudi
404 654 464 711 potu
485 644 549 696 roris
566 643 661 696 nutrita
678 644 797 714 ciboque,

251 727 335 779 'l'olos
352 744 450 795 perque
467 729 522 780 dies
539 745 586 796 per
603 745 678 781 mene
696 735 722 781 et
738 728 847 781 fundere
864 733 967 794 uentus,

251 811 369 878 Corpore
384 829 463 879 quum
480 819 562 864 torret
576 813 698 878 flagranti
714 811 797 864 Sim'us
813 819 896 865 aestu.

182 898 420 962 Quemadmodum
448 919 467 958 ιι
487 897 622 960 Baccho
644 908 674 958 et
702 895 842 972 Cerere,
872 898 1073 978 potentissimis

182 1017 217 1057 uo
244 999 397 1058 mitissimis
423 996 608 1082 largitoribus
637 1001 751 1083 frugum
778 1008 807 1059 el
841 999 1002 1071 fluctuum,
1036 1001 1072 1058 ite

181 1100 255 1160 volis
286 1121 303 1160 e
330 1109 359 1160 le
386 1122 497 1182 quoque
526 1123 614 1164 verno
637 1101 932 1182 tempore-egriuolue
954 1102 1070 1160 sulutem

181 1203 385 1280 precellentem
421 1213 508 1283 tuque
541 1224 597 1262 uou
619 1203 709 1262 miuus
737 1204 811 1283 ipse,
839 1223 922 1280 quum
945 1203 1003 1274 illi,
1026 1223 1069 1282 po·

181 1312 245 1360 teus
282 1324 317 1363 ue
356 1306 445 1378 milis,
489 1305 618 1386 precibus
651 1323 702 1364 eos
739 1303 883 1363 eoueessis
919 1304 1068 1385 obligabis,

180 1411 213 1460 ut
233 1413 384 1464 uuetumuo
407 1407 543 1484 primitius
564 1408 691 1479 solvunt,
714 1425 785 1484 quus
796 1413 946 1466 voverunt.
986 1407 1068 1464 lleiu-

180 1502 239 1562 sius
266 1516 433 1566 correxerat
460 1510 631 1567 dammum
652 1512 739 1579 ooli,
775 1513 840 1585 post
868 1525 939 1566 vem»
966 1507 1066 1576 ‹loeuit¹

179 1603 262 1662 etiem
285 1614 395 1664 sextum
417 1627 512 1667 misum
534 1619 613 1669 reete
634 1629 666 1668 se
687 1609 800 1668 hebere.

263 1715 408 1770 81-84.
452 1711 553 1769 Animo
582 1717 736 1770 commotus
759 1710 786 1768 iu
809 1709 987 1788 Daphnidem
1009 1729 1065 1770 cer·

177 1803 251 1865 miue
278 1809 360 1868 umiei
393 1818 461 1870 notu
494 1812 609 1892 majoris
645 1813 762 1892 Mopsus
793 1811 868 1869 douo
897 1811 924 1870 ei
957 1812 1063 1892 gratius

176 1914 291 1967 aeturus
311 1919 364 1972 esl.
387 1912 492 1972 ‘Helm
514 1912 548 1973 A
573 1914 658 1972 hebet
674 1915 821 1972 carmine
840 1923 932 1984 uota,
961 1912 1063 1972 udseri-

176 2015 225 2087 pto
247 2013 344 2072 doma.
388 2015 466 2074 Tres
488 2015 560 2074 istue
578 2014 772 2073 similitudines
793 2033 830 2071 ex
852 2013 918 2072 euui
941 2021 1064 2094 tempore

176 2121 206 2169 et
226 2112 281 2171 loei
303 2123 404 2174 notura
426 2123 510 2176 uetee
532 2123 606 2174 suut.
650 2117 754 2174 Calore
776 2115 884 2175 aestivo
907 2137 933 2175 v.
958 2120 977 2177 5
999 2115 1062 2195 quid

101 2277 104 2282 Ι
175 2213 267 2293 magis
283 2216 385 2294 juvere
407 2225 517 2296 potest,
548 2237 630 2296 quum
657 2217 755 2276 sibilus
779 2221 959 2290 uenientis,
984 2203 1061 2276 lente

174 2316 439 2396 appropinquantis,
468 2315 579 2380 austri
606 2337 657 2398 pei·
684 2319 801 2377 arbores
822 2318 976 2396 spiruulisl
1018 2319 1061 2376 Si·

174 2417 284 2494 mulque
306 2418 434 2478 fremitus
466 2441 547 2479 urae
575 2419 677 2478 leuiter
697 2439 715 2479 e
736 2417 866 2478 fluetibus
888 2419 1060 2480 circumstre-

173 2517 266 2594 pileel
294 2537 350 2576 uon
382 2520 467 2577 mitris
495 2517 573 2598 (uam
600 2521 645 2580 liie
666 2527 795 2600 pastores
815 2521 969 2598 loquuntur
983 2522 1058 2580 lleu·

171 2615 280 2695 tunui);
308 2619 359 2676 sed
384 2617 491 2680 lleuoei
517 2619 596 2678 loeus
622 2621 766 2681 ellliueio
789 2622 928 2702 penetrati
950 2623 1004 2682 Lu.
1025 2621 1057 2692 ll,

172 2723 244 2788 160,
273 2719 320 2796 qui
347 2719 433 2780 muris
457 2719 548 2780 iustus
575 2729 653 2794 erut,
684 2731 715 2782 et
737 2724 817 2802 eujus
838 2723 866 2781 iu
890 2723 1000 2802 publice
1020 2724 1058 2782 lo·

171 2817 243 2878 eutis
263 2821 381 2881 saltibus
404 2841 478 2881 nune
499 2831 626 2902 poscunt.
669 2825 845 2884 Postremum
864 2825 931 2902 quid
954 2825 1057 2884 dolum

170 2940 234 2982 esse
272 2925 376 3003 possit,
423 2944 505 3004 quom
543 2945 671 2984 murmurx
698 2930 858 2985 torrentis
890 2927 1057 3006 psueeipitis,

169 3023 216 3101 qui
249 3013 377 3103 pedores
406 3033 435 3086 et
462 3045 570 3108 greges
596 3025 720 3088 invitati
762 3027 826 3085 Nou
849 3027 941 3089 miluus
962 3029 998 3087 ud
1019 3028 1057 3086 lo·

168 3143 229 3182 cum
252 3125 402 3186 'l'lueooriti
423 3127 596 3207 comparatio
618 3147 754 3208 expresso
775 3136 820 3187 est
841 3129 868 3202 l,
892 3135 925 3190 7:

145 3288 148 3295 Ι
234 3223 358 3290 Dulcius,
377 3241 452 3290 eece,
470 3233 558 3291 tuum,
576 3233 682 3295 pastor,
705 3243 808 3280 eermeu
826 3227 889 3280 milii
906 3226 1025 3296 lymphis,

235 3309 311 3375 Rupe
328 3326 403 3360 suum
420 3310 519 3364 stillent
537 3327 603 3378 quae
619 3311 715 3364 flumen
733 3312 845 3380 desuper
860 3311 924 3366 illio.

165 3411 283 3483 Μῖνι,
311 3431 387 3472 orum
416 3415 595 3487 maritimum,
622 3415 732 3476 l‘liuius
753 3415 811 3487 lx,
833 3422 855 3476 7
876 3435 988 3494 quoque
1009 3414 1054 3474 mi·

129 3557 135 3564 .
166 3533 218 3572 uor
249 3511 337 3594 ripum
371 3513 450 3574 Lorii
484 3515 566 3574 dicit:
625 3515 682 3576 Aa
710 3535 802 3578 mre
828 3528 879 3590 tu,
917 3535 980 3594 ego
1012 3517 1056 3575 ad
