2412 4028
200 311 243 374 ra
458 294 613 376 ECLOGA
636 295 658 356 Ι.
682 301 838 374 nufias.
876 285 877 294 ’

200 470 373 538 libertatem,
401 484 453 537 no,
483 464 641 542 siquando
663 465 791 526 veterani
818 485 858 526 ex
885 483 959 545 agre
980 465 1099 526 Cremo-

200 569 281 630 nensi
303 567 405 626 milites
426 564 584 635 irruissent,
608 585 697 626 norum
719 565 848 628 domiuus
867 572 919 624 aut
938 573 1098 637 recusaret,

200 677 250 730 ant
269 665 373 744 iniquis
395 683 456 726 eam
484 665 648 728 obstrueret
668 664 889 727 difficultatibus.
933 665 1100 726 Libertas

200 770 263 830 llea
284 773 347 827 erat
365 765 513 838 Romanis,
535 785 609 844 quae
625 787 664 829 ex
684 774 810 832 veterum
832 765 966 844 opinione
987 767 1100 839 reser-

200 881 254 946 ret
280 877 450 945 arpentum
471 867 509 926 ad
529 866 685 945 suppliees,
717 875 747 927 et
765 872 908 945 propius
929 887 985 926 eos
1005 871 1098 930 veni-

199 981 263 1050 ret.
313 967 436 1028 Tamen
457 972 613 1042 reurrexit
632 1000 675 1016 --
695 973 852 1042 respexit
870 979 997 1038 mutem,
1020 968 1099 1045 quod

199 1071 332 1132 iteratum
358 1069 494 1128 laetorum
521 1069 608 1146 pellat
633 1068 758 1139 animes,
794 1067 931 1126 hominem
959 1068 1097 1138 dederat,

201 1171 261 1242 oui,
293 1169 369 1248 quod
390 1169 438 1228 diu
465 1167 628 1247 frustraque
650 1169 761 1232 ardenti
789 1169 884 1230 studio
906 1168 1096 1245 expetiverat,

201 1279 231 1330 et
251 1271 300 1330 vix
321 1270 440 1349 amplius
461 1276 636 1347 sperauerat,
659 1277 838 1348 postremum,
862 1275 1032 1347 postremum
1054 1277 1098 1332 ter

201 1373 276 1430 men!
300 1369 423 1432 obvenit.
467 1369 568 1430 Iners
590 1370 726 1449 ignauus,
749 1371 883 1450 segnior,
907 1367 1033 1447 infirmus
1054 1399 1098 1414 -·-

201 1491 303 1552 aeger,
335 1469 564 1549 quemadmodum
591 1470 665 1548 apud
692 1471 837 1530 Tibullum
865 1475 961 1530 irrora
988 1480 1095 1528 mae.

201 1573 278 1632 Fieri
292 1572 411 1642 solebat,
433 1577 466 1628 ut
482 1570 558 1630 servi
585 1571 620 1630 de
638 1570 748 1648 peculio
765 1570 795 1630 in
814 1569 971 1628 libertatem
987 1570 1097 1634 selein·

182 1671 186 1684 ⁴
202 1662 330 1732 dicarent
340 1671 430 1750 pretio
443 1671 492 1731 vix
514 1671 656 1742 mediocri,
679 1671 754 1749 quod
773 1670 911 1730 interdum
925 1678 1009 1730 antea
1021 1669 1097 1748 poeti

202 1774 324 1846 fuerant,
346 1793 403 1850 qua
424 1772 459 1831 de
480 1792 513 1832 re
533 1771 649 1850 Lipsius
671 1771 735 1852 agit
755 1772 792 1830 ad
816 1772 894 1830 Tae.
916 1769 1006 1833 Ana.
1018 1771 1096 1842 XW,

203 1883 241 1936 41
266 1881 296 1933 et
317 1874 522 1932 'l'anbruannus
543 1874 579 1931 ad
600 1872 714 1931 leut.
739 1871 820 1932 Aut
838 1873 873 1942 V,
897 1879 926 1932 8.
969 1871 1097 1932 Seruius-

202 1983 274 2046 tem,
308 1975 420 2034 Seneca
442 1973 597 2052 inquitep.
621 1981 678 2044 80,
699 1972 839 2051 mancipia
868 1991 979 2050 quaque
999 1972 1097 2030 eondi-

201 2076 288 2134 tionis
310 2083 470 2145 extremae,
492 2083 522 2134 et
544 2075 572 2132 in
594 2074 638 2132 lris
659 2073 790 2132 sordibus
813 2081 894 2144 nata,
917 2073 992 2132 orani
1014 2073 1096 2145 modo

202 2195 309 2236 exuere
331 2181 484 2246 conantum
506 2173 643 2252 peculium
658 2193 747 2244 suum,
770 2175 845 2251 quod
862 2181 1096 2254 comparaverunt

201 2282 302 2338 ventre
322 2274 464 2348 fraudate,
486 2294 538 2353 pro
550 2275 642 2354 eapite
664 2284 821 2334 numerent.
866 2275 1003 2353 Captivos
1017 2273 1095 2355 frugi

130 2365 132 2374 ¹
202 2386 232 2438 et
252 2377 404 2458 diligentes
426 2397 482 2434 non
504 2375 722 2453 quinquennium
750 2374 811 2434 fere
833 2375 951 2453 amplius
973 2375 1095 2438 servitu·

201 2486 256 2536 tem
279 2475 388 2555 perpeti
408 2475 508 2534 solitos
530 2493 602 2544 esso,
626 2475 726 2534 Cicero
749 2476 818 2536 dioit
832 2474 938 2577 Pur·
946 2477 1019 2546 vlu,
1045 2485 1094 2536 tl.

200 2577 320 2641 Βιιιὴιιιιι
342 2575 469 2644 tondere,
492 2593 573 2652 quem
586 2577 712 2636 Graeeos
734 2595 837 2636 meren
848 2577 1003 2636 Alexandri
1025 2584 1094 2638 tare·

201 2697 270 2758 pore
295 2675 467 2754 Chrysippus
496 2674 675 2754 philosophus
702 2675 822 2752 Atlrerr.
850 2678 1091 2748 x111‚‚as.ra.

200 2777 282 2837 testis
295 2782 340 2836 est
355 2775 508 2854 accepisse,
530 2795 695 2855 quamquam
709 2777 879 2837 Timotheus
891 2779 974 2837 etiam
988 2785 1046 2838 tum
1059 2777 1093 2838 ti·

200 2877 280 2938 lrioen
292 2876 403 2957 ingenti
417 2876 504 2934 barba
515 2877 644 2948 canebat,
657 2877 776 2938 Graeeis
791 2879 953 2938 tonsoribus
969 2878 1094 2937 eSieilia'

199 2977 324 3040 advectis
355 2996 430 3036 anno
461 2978 624 3037 ccccutv
655 2979 775 3042 Romani
809 2987 1030 3051 oonsueuerant,
1057 2971 1094 3040 ‘et

199 3079 236 3138 ad
257 3076 430 3138 Hadrianum
457 3096 546 3156 osque
569 3079 699 3138 manebat
725 3081 901 3140 consuetudo
922 3079 1092 3161 Augustum,

199 3178 255 3257 qui,
277 3195 387 3244 naevus
406 3177 464 3236 oris
479 3184 512 3236 ut
534 3185 655 3259 tegeret,
679 3179 793 3242 bubum
814 3181 1004 3260 promittebat.
1033 3182 1093 3240 llu-

194 3280 243 3358 jus
264 3277 400 3356 usquead
421 3284 552 3352 aetatem,
574 3279 740 3358 quicumque
760 3281 948 3342 urbanitatem
970 3282 1093 3360 aliquam

198 3385 391 3458 sequerentur,
414 3377 553 3440 rasofere
575 3380 822 3459 conspiciebantur
843 3389 946 3452 mento,
970 3382 1094 3460 laetique

198 3479 312 3542 oubam
318 3463 470 3561 juvenibus
480 3480 707 3562 gratulnlaqtur,
730 3499 811 3559 ιμιιιιιι
821 3479 925 3551 fastum
938 3483 1011 3544 diem
1023 3483 1101 3548 ΧΧΙ,
