2280 4022
188 297 256 358 {00
436 287 589 348 ECLOGA
611 285 658 345 W.
682 293 829 349 oo-os.

186 457 256 516 Narn
290 458 385 538 piures
417 464 559 528 veterum,
594 475 665 536 quos
687 455 820 516 Heinsius
851 455 963 528 laudet,
1000 457 1088 516 etism

186 559 312 633 Probus,
340 560 538 620 Pometiam
557 557 713 618 Arcadia
734 564 864 628 tuentur,
891 557 968 636 quod
992 558 1086 638 ipsun

185 661 346 720 Macrobius
368 663 441 720 Sat.
464 659 498 732 V,
523 667 566 722 14*
584 667 723 738 tamquam
745 679 880 718 amoenae
900 660 1085 738 repetitionis

186 761 342 840 exemplum
372 761 529 840 proposuit.
576 761 738 821 Macrobius
774 760 933 839 reperiebat
969 779 1084 840 quoquc

186 865 286 934 dicet,
316 863 405 942 quod,
442 862 534 943 magis
566 863 694 941 spirans,
727 861 853 941 pluribus
891 861 966 919 idern
1003 861 1082 921 tibris

184 963 315 1042 scriptis,
345 963 428 1023 etium
462 963 695 1044 Lengnicbiono,
727 972 758 1022 et
792 963 921 1022 Asceosii
954 964 1081 1022 editione

185 1064 360 1125 defenditur:
391 1065 488 1124 eodem
517 1067 600 1124 modo
627 1065 723 1138 Vi‚9
752 1072 817 1144 post
843 1064 1018 1123 addubitans
1050 1071 1079 1124 ei

185 1171 294 1246 legat,
326 1180 426 1227 canet
445 1175 502 1238 est,
531 1168 607 1245 quod
635 1167 770 1226 audacter
792 1165 931 1238 affirmet,
960 1167 1035 1226 Aen.
1059 1167 1077 1224 Ι.

185 1278 246 1331 373
270 1275 301 1328 si
311 1289 469 1347 pergem,
500 1280 685 1346 comporta,-
709 1269 763 1345 .V¹›
787 1275 847 1329 883
870 1273 902 1326 si
930 1287 1076 1343 rumpas,

184 1375 272 1441 eris;
295 1371 365 1442 Xtt,
388 1380 449 1430 233
471 1376 502 1430 si
524 1372 798 1448 congrediamur,
822 1365 991 1428 habemus.

268 1480 417 1533 60-73.
462 1471 595 1531 Fcticiter
614 1471 720 1530 utinam
741 1471 882 1540 nascaris,
910 1473 996 1549 puer!
1031 1492 1074 1529 or·

183 1580 322 1651 natusque
334 1572 374 1630 sis
395 1574 509 1632 heroico
532 1573 659 1652 corporis
670 1572 810 1650 animique
821 1572 1011 1651 praestantia!
1035 1602 1073 1614 —-

182 1675 245 1732 Hoc
266 1681 407 1752 optatum,
440 1676 513 1752 quod
542 1675 655 1758 tongam
679 1695 767 1754 ρησιν
788 1674 927 1752 pictorum
948 1673 1072 1732 iocorum

183 1775 366 1850 communium
388 1775 540 1846 offerebat,
563 1782 648 1854 poeta
669 1774 794 1846 facetus,
816 1777 880 1833 dum
899 1794 937 1833 ex
955 1775 1071 1833 Pindari

182 1883 333 1956 praecepto
346 1857 457 1958 (Pyth.
481 1878 509 1947 l,
535 1874 608 1956 157)
625 1881 666 1938 rie
675 1879 792 1936 meltis
807 1896 933 1935 semma
946 1889 1071 1936 tantm

182 1981 230 2038 acl
241 1979 432 2064 dreeitatem
443 1982 617 2056 astringit,
634 1997 733 2057 presse
749 1985 779 2037 et
793 1984 878 2060 grata
891 1977 1070 2036 similitudine

181 2081 262 2159 qussi
285 2081 383 2140 ludere
410 2079 492 2137 sinit:
515 2080 608 2137 Mater
619 2079 715 2139 ridens
729 2070 845 2158 puerum
857 2079 1068 2158 contempletur,

180 2187 210 2239 et
230 2180 362 2238 beroicus
384 2180 498 2238 deorum
520 2177 595 2238 fitius
617 2179 691 2240 iilico
713 2185 867 2251 monstret,
899 2180 1067 2240 arridentem

179 2301 250 2341 ose
271 2288 386 2342 matrem
405 2283 464 2363 jam
485 2281 616 2364 agnosci.
661 2279 770 2344 Risus
792 2265 912 2341 matris
934 2281 1066 2353 declarat,

178 2383 306 2443 Lucinae
332 2383 470 2444 beneficio
497 2382 581 2443 facite
608 2403 668 2443 earn
702 2384 813 2444 enixam
845 2403 925 2456 esse,
954 2384 1066 2463 pulchro
1132 2450 1136 2459 Ι

92 2493 95 2496 ’
177 2492 338 2565 vegetoque
353 2503 441 2564 puero
455 2484 636 2559 delectatem3
657 2497 793 2545 matera
803 2477 927 2544 notitia
944 2487 1065 2545 laeten-
1136 2488 1137 2491 ’

181 2589 227 2644 tis
244 2585 334 2657 filii,
367 2584 419 2662 qui
442 2585 539 2644 oscula
567 2587 679 2659 matris,
714 2586 794 2666 quosi
821 2587 857 2645 ed
887 2589 1065 2648 diuturnae

176 2688 347 2744 molestiae
370 2687 591 2765 compensandus
619 2688 767 2767 pueriliter
801 2681 964 2747 blandiente
991 2693 1064 2748 risu

176 2791 309 2864 exeipit
335 2783 412 2868 (narn
446 2789 520 2866 quod
546 2789 621 2850 atiud
644 2790 756 2872 signum
778 2795 960 2868 essepotest
981 2795 1064 2850 noti-

175 2887 279 2970 tiaei)
310 2889 440 2948 eximium
462 2890 582 2949 animuin
605 2891 724 2963 indicet,
752 2891 843 2972 qualis
869 2891 898 2948 in
920 2891 1063 2950 heroicum

174 2989 326 3068 prinoipem
354 3011 459 3050 aureae
489 2993 591 3051 aetatis
618 2993 703 3052 cedit.
747 2993 811 3051 Non
838 2992 930 3052 minus
960 2993 1063 3052 eximie

173 3089 348 3149 Theocritus
376 3092 481 3163 xxiv,
513 3101 551 3153 23
583 3093 682 3174 fingit:
726 3093 789 3172 ipso
823 3093 932 3154 decimo
967 3114 1062 3154 mense

173 3191 319 3269 tpbiclem,
352 3200 432 3271 patre
463 3193 549 3253 beroe
592 3201 702 3266 netum,
737 3214 805 3274 prae
848 3195 1060 3256 advenientibus

172 3291 349 3370 serpentibus
363 3297 575 3374 intelligente
587 3303 660 3354 metu
672 3297 861 3370 exclamasse3
883 3317 980 3358 verum
991 3299 1060 3357 Her-

171 3392 259 3451 culem
267 3393 399 3472 juvenem
418 3415 524 3476 aeque
541 3400 785 3478 intelligentem
801 3405 830 3457 et
845 3403 919 3458 sine
929 3404 1057 3470 tinore,

169 3493 271 3574 quippe
292 3495 372 3556 Jouis
393 3495 497 3568 fitium,
520 3499 802 3577 compressorem,
824 3519 894 3579 pree
915 3501 1060 3580 voluptate
