2444 4020
367 281 535 344 ECLOGA
557 281 631 355 Vlll,
653 289 769 344 6-13.
958 293 1019 354 ΙΙΙ

126 471 192 512 mne
215 448 375 531 popularia,
406 458 448 522 et,
480 451 505 508 si
528 450 624 521 voles,
657 456 775 511 natione
796 452 888 511 duxit.
931 451 1021 533 Illy·

125 559 253 624 re'com,
278 551 419 630 Illyris,
445 551 576 630 Illyrio
598 553 838 630 septentrionalis
862 573 914 612 ure
936 554 1021 612 muris

125 653 267 715 Adriatici
290 673 351 712 curn
374 653 457 734 vagis
476 653 604 712 terminis
626 654 787 712 dicelotorr
811 673 849 714 ex
871 662 1022 714 consueto·

128 757 197 814 dine
218 756 253 814 ad
278 753 459 813 Occidentem
481 755 720 833 complectebatur
741 755 914 828 Liburniam,
937 775 1023 835 saepe

128 875 193 918 eum
222 855 307 915 lstria
336 855 373 914 ad
400 856 547 936 rl‘ergeste
569 877 658 934 osque
680 865 709 916 et
730 859 767 915 ud
788 858 932 916 Orientem
955 858 1021 916 uot-

129 956 258 1031 matiam3
288 975 377 1035 quae,
405 956 434 1014 iu
456 959 668 1035 cumpunctione
691 966 830 1018 terraram
852 959 1023 1020 Brundisina

128 1058 165 1117 ed
187 1059 324 1116 Scodram
346 1077 436 1135 osque
457 1059 572 1116 diducta
594 1057 646 1137 (tv
668 1060 771 1139 Δις),
794 1059 915 1117 rebelles
935 1061 1022 1119 Par-

128 1156 240 1218 tdr'uoe
267 1160 328 1219 sire
357 1159 516 1218 Portlreuus
538 1178 600 1218 com
621 1161 771 1238 conjurata
791 1159 862 1218 urbe
883 1162 1022 1221 Salonis

129 1260 279 1333 continuit.
323 1261 423 1333 Potite,
446 1262 511 1318 dom
533 1261 609 1318 uude
630 1267 660 1319 et
680 1279 736 1338 quo
752 1261 844 1324 Pollio
866 1281 935 1320 enos
957 1283 1022 1341 pru·

129 1360 292 1434 ficiscator,
314 1363 409 1420 aerios
430 1363 551 1443 cogitat:
574 1362 687 1420 Utiuem
710 1381 848 1440 umquem,
871 1365 1020 1436 exclamet,

129 1482 242 1523 carmen
264 1483 322 1543 ego
343 1471 373 1521 te
395 1463 521 1544 dignum,
544 1463 652 1522 victore
673 1469 703 1520 et
719 1464 863 1542 Soplruclc
881 1465 1020 1537 Romano,

127 1583 235 1624 ¹cunero
257 1565 375 1643 possim!
411 1566 515 1623 diones
536 1585 613 1624 meas
635 1564 710 1624 vires
731 1566 879 1644 experiar!
907 1565 1022 1628 lateres

129 1667 218 1737 hooc,
246 1673 295 1725 too
313 1667 397 1746 jusso
420 1675 527 1738 ortum,
556 1674 668 1726 cantum
689 1667 802 1746 accipe,
824 1668 955 1727 dederam
978 1669 1021 1727 io·

129 1775 174 1826 ter
195 1768 292 1826 lauros
314 1769 459 1827 victrices!
488 1769 545 1826 Ere
565 1787 736 1846 umquam,
759 1787 898 1848 quaereus
919 1777 950 1828 et
971 1789 1020 1849 up·

128 1875 194 1927 tene
216 1869 244 1938 l,
267 1875 318 1928 67.
362 1866 470 1937 Pollio,
492 1869 568 1945 qoud
589 1869 710 1938 ridetur,
733 1872 931 1946 tragoediae
953 1889 1020 1930 sues

128 1968 184 2040 ΙΙΙ,
219 1975 261 2026 86
291 1968 326 2025 ud
355 1967 494 2045 publicum
516 1987 596 2024 usum
619 1969 741 2024 nondum
765 1969 938 2049 collegerat,
970 1972 1020 2029 sed

118 2067 259 2148 'singulus
299 2073 425 2141 tantum,
469 2068 697 2145 quemadmodum
735 2068 871 2148 Virgilius
903 2072 1021 2152 eclogas

129 2189 211 2240 suas,
234 2169 376 2240 ediderat3
405 2169 517 2246 aliquae
540 2169 566 2226 iu
591 2169 706 2226 Venetis
729 2177 874 2247 spectatae
896 2169 1020 2244 fuerant,

128 2271 177 2328 nbi
210 2289 286 2326 nnnc
319 2269 450 2327 DCCXll
481 2269 594 2349 Virgilii
622 2277 752 2346 pastores
779 2289 829 2328 eas
858 2272 1021 2332 loudalront.

129 2370 222 2428 Etiam
246 2376 311 2447 pust
333 2370 508 2447 triumplruur,
531 2389 614 2446 quum
636 2389 654 2427 a
675 2370 819 2448 republica
840 2372 1020 2445 decessisset,

129 2471 158 2530 in
188 2470 346 2550 tragoediis
373 2472 574 2549 componendis
603 2479 659 2528 tem
687 2479 749 2529 erat
770 2472 901 2530 assiduus
923 2482 953 2532 et
973 2473 1020 2533 in·

130 2571 270 2642 doctriua,
304 2579 336 2628 nt
357 2572 493 2631 Horatios
516 2573 540 2629 ll
563 2572 609 2630 ud.
634 2584 666 2645 1,
694 2580 713 2634 9
736 2593 798 2632 eum
821 2575 950 2634 lrortatus
971 2577 1018 2648 sit,

129 2681 160 2732 at
188 2693 206 2732 a
230 2673 314 2731 Musa
340 2693 460 2734 severae
488 2673 656 2753 tragoediae
682 2674 887 2754 aliquantisper
914 2685 1017 2751 cesset,

130 2781 158 2832 et
180 2775 298 2844 demum,
320 2783 469 2852 postquam
490 2774 635 2832 lristoriom
658 2775 724 2832 belli
745 2776 835 2834 civilis
857 2777 1018 2853 perfecerit,

129 2874 164 2932 ed
195 2875 305 2954 grande
337 2895 436 2932 munus
466 2875 554 2932 Attici
584 2873 713 2931 cotlrurni
740 2875 848 2932 redeat.
900 2877 1019 2935 Servius

129 2993 198 3053 prae
223 2994 256 3033 se
283 2972 340 3032 fert
360 2973 525 3043 scientium,
547 2973 705 3030 Pollionem
727 2973 755 3028 iu
777 2979 897 3050 utroque
918 2976 1018 3056 lingua
1075 3035 1081 3044 ,

11 3149 12 3154 ¹
130 3074 295 3153 tragoedias
317 3073 476 3150 scripsisse.
518 3073 603 3130 Sola
632 3068 814 3144 Sophocleo
838 3077 944 3152 rligaa
964 3096 1016 3136 co·

11 3169 12 3182 ¹
129 3171 249 3233 tharan
278 3173 297 3230 i.
320 3193 347 3230 c.
370 3173 475 3250 digne,
503 3191 658 3248 quaecum
681 3172 844 3231 sublimilror
867 3177 1037 3254 Soplruclis·

128 3257 231 3334 lnbulis
258 3270 453 3332 conferantur.
496 3271 574 3329 Varii
596 3272 754 3348 Thyestes,
787 3295 867 3353 qoam
891 3281 1015 3338 Grrrcco·

14 3407 17 3414 ν
129 3395 188 3434 rom
217 3374 333 3432 cuilibet
354 3372 546 3438 Quintilianus
567 3381 724 3451 comparat,
753 3378 839 3434 multo
861 3388 925 3455 parst
947 3390 1015 3441 nota

129 3475 227 3536 fiebat:
252 3493 334 3552 quarn
356 3482 462 3544 essent,
484 3476 531 3552 qui
553 3473 709 3533 hereditate
731 3475 758 3534 id
781 3497 852 3556 opus
874 3499 892 3538 n
913 3482 1014 3542 Caesio
