2380 4028
339 273 493 336 nonoos
514 219 731 364 ariao-aa.
837 300 843 313 ·
929 281 979 350 no

85 442 246 524 Gryno,
268 461 337 520 qnos
352 442 452 501 {iollas
469 461 506 500 ox
520 442 684 504 elriliodiias
696 441 884 522 Euphorionis
895 445 979 505 cnol-

81 544 188 616 eidiei,
211 552 244 602 ut
264 543 352 604 libere
373 562 424 602 ons
444 545 483 603 sd
502 543 624 604 oolam
645 543 791 624 quondan
808 544 977 629 Hesiodea!

83 643 297 718 conformaret,
326 643 429 725 elegit,
451 643 569 706 Servius
590 646 641 705 las
662 645 785 705 tradidit.
831 645 978 727 Grynur,

81 745 172 806 filiae
186 745 321 824 Eurypyli
342 746 442 824 Mysii,
463 766 544 825 quem
560 747 721 826 Telephus,
743 747 873 806 Heroulis
893 745 977 822 filius,

49 873 52 880 ·
83 853 243 928 genuerat,
261 848 659 929 ooatr‘nlsostesl'ergaruusn,
676 867 774 929 regen
786 847 874 927 Epiri,
891 847 978 910 filiun
1058 842 1060 854 ’

83 947 286 1028 Neoptolemi,
323 968 359 1008 ex
380 949 512 1008 fleoloris
540 950 655 1010 muliera
680 950 765 1010 vidum
785 951 979 1011 Andromacho

83 1050 214 1122 editum,
247 1049 409 1120 advocavit,
444 1056 474 1108 el
499 1049 528 1108 in
555 1049 714 1109 memoriam
744 1049 882 1110 victorine
908 1051 979 1112 duas

27 1195 30 1204 ‚
83 1151 174 1210 aries
198 1150 340 1220 condidit,
361 1168 476 1228 quorun
498 1150 614 1210 alterans
635 1151 821 1232 Pergamum,
842 1151 978 1229 Grynum,

85 1272 125 1310 ex
150 1251 292 1332 Apollinis
313 1270 467 1329 responso,
499 1251 615 1311 alteram
642 1251 808 1330 appellabat.
850 1253 882 1311 lo
903 1253 978 1328 luoo,

85 1371 169 1432 quesn
195 1353 258 1432 ejus
279 1349 338 1411 lilia
358 1352 481 1431 Apollini
502 1343 684 1423 conseverat,
712 1353 830 1412 Calchas
850 1354 978 1414 lionori-

86 1473 138 1512 eus
159 1453 254 1513 fatum
276 1453 440 1532 complevit,
470 1471 526 1532 quo
548 1453 575 1514 ei
596 1453 765 1512 moriendum
788 1461 865 1527 eret,
895 1473 978 1534 quum

85 1555 211 1634 primum
239 1555 268 1613 in
296 1554 479 1616 valentiorem
505 1554 716 1615 vaticinatoren
742 1554 897 1616 incidisset.
946 1555 978 1616 ld

87 1664 189 1730 aaut,
213 1656 261 1734 qui
281 1656 499 1717 ilannrrarent.
542 1655 657 1716 Vicinus
675 1669 768 1737 augur
785 1657 976 1733 Calolruaten,
1042 1673 1047 1678 ·
1110 1657 1113 1664 '

87 1757 154 1836 qui,
184 1758 259 1836 quod
280 1756 404 1829 videtur,
426 1758 541 1816 maenio
562 1755 698 1837 praefuit,
719 1757 792 1818 vites
813 1759 841 1816 in
863 1777 978 1818 nemore

87 1866 235 1918 serentem
249 1857 433 1936 oonspioians,
454 1859 547 1919 uinum
563 1877 624 1916 eum
641 1877 696 1915 noa
711 1863 888 1938 gustaturus·
902 1879 976 1931 esso,

85 1957 247 2038 praedixit.
284 1957 364 2016 Vites
381 1959 544 2016 crescebaut
557 1958 749 2036 vindemiaque
766 1957 861 2018 tiebat.
896 1961 978 2020 Nune

88 2059 217 2118 Galelsas
238 2077 295 2116 uua
322 2077 383 2117 oum
396 2058 629 2139 aliisaagurear
657 2059 694 2117 ad
721 2077 835 2118 coenam
855 2059 977 2132 vaeavit,
1036 2052 1046 2075 '

88 2168 137 2234 et,
172 2177 256 2238 quum
278 2157 332 2218 diii
352 2159 380 2218 in
401 2157 495 2218 loeunr
515 2158 604 2218 libare
624 2159 722 2230 vellet,
756 2177 788 2218 se
810 2178 865 2217 aon
887 2161 976 2220 solssn

89 2271 228 2342 potarum
250 2277 314 2317 esso
331 2258 421 2330 dixit,
456 2259 612 2318 sedetiam
634 2259 687 2316 diis
707 2260 836 2318 daturum
859 2267 888 2318 et
908 2279 976 2320 eon-

89 2361 178 2424 vivis.
226 2359 345 2428 liudem,
376 2377 449 2437 quae
469 2365 551 2442 noto,
582 2359 609 2418 ei
630 2379 723 2441 augur
749 2360 916 2439 mponppp3.
939 2362 976 2422 ,p
1030 2419 1034 2434 .
1157 2365 1160 2372 .

90 2463 185 2543 quod,
213 2459 344 2520 deridens
364 2479 441 2532 eaor,
463 2460 583 2520 (lalelras
603 2459 674 2520 adeo
696 2459 788 2520 ridere
808 2461 916 2542 eoepit,
943 2470 977 2522 ut

90 2569 225 2643 repenle,
261 2559 412 2620 intercluso
439 2561 554 2641 spiritu,
586 2561 711 2640 poeula·
739 2563 881 2643 objiceret.
929 2566 975 2626 lix

93 2665 187 2726 altero
199 2663 295 2726 fabulo
308 2681 369 2722 ouon
381 2663 490 2742 Mopso,
512 2681 568 2721 aon
583 2662 631 2722 illo
642 2661 867 2745 Argonautarum
884 2683 975 2744 augu-

93 2785 144 2839 re,
164 2765 214 2824 sed
229 2762 289 2822 lilio
302 2764 453 2842 Apollinis,
475 2771 524 2824 out
537 2763 634 2823 illaeii
656 2784 691 2823 ox
708 2764 821 2838 llanto,
843 2767 975 2826 Thebani

94 2866 230 2926 Tiresiae
250 2862 328 2933 lilio,
342 2865 462 2924 vCuleluus
482 2865 619 2924 eertuiut.
645 2863 903 2935 'Periclitulantur‚
924 2883 974 2944 po-

93 2983 203 3026 morum
230 2984 385 3036 numerum,
422 2983 493 3042 quae
514 2964 548 3051 Ιἰιι
580 2964 681 3023 arbore
708 2973 818 3036 essent,
854 2964 974 3026 edicere.

96 3065 218 3126 Colchas
238 3065 334 3126 vietus·
348 3072 406 3134 est,
438 3073 467 3124 et
488 3064 665 3145 aegritudine
686 3061 778 3141 periit.
822 3063 891 3123 lllud
913 3083 975 3124 oer-

96 3175 191 3252 topneu
214 3165 338 3244 plerique
359 3165 449 3236 Glari,
477 3165 546 3237 urle
568 3162 755 3242 Colophonio,
783 3183 855 3244 quoe
875 3185 974 3227 oraru·
1035 3159 1038 3170 ¹

97 3269 154 3328 luna
172 3267 308 3344 Apollinis
329 3288 347 3327 a
366 3267 465 3326 Mento
484 3264 640 3324 institutum
661 3265 769 3338 habuit,
790 3266 839 3326 alii
859 3266 887 3326 iu
906 3268 972 3328 (lili-

98 3369 144 3430 eia
164 3367 347 3428 collocabant.
389 3368 466 3428 lator
486 3365 539 3424 hos
558 3362 667 3440 quidem
689 3365 853 3444 Soplsoelonn
866 3362 972 3428 Strabo
1015 3415 1017 3428 .

99 3469 175 3530 xlv.
203 3492 232 3550 p.
255 3473 330 3540 642,
350 3469 425 3530 inter
441 3467 508 3528 illos
527 3463 679 3526 naulum
697 3463 794 3540 halet,
821 3467 902 3548 eujus
920 3470 973 3530 ios
1002 3539 1005 3546 ,

822 3556 843 3610 4
