2380 4028
349 239 502 302 ECLOGA
523 239 582 313 vn,
605 245 747 304 21-24.
945 247 987 308 Π

99 427 260 492 perperam
282 407 403 481 referat,
425 429 542 489 poenam
563 408 713 481 mendacii,
733 409 870 490 pustulam
891 374 920 468 in
937 408 988 468 iin-

97 531 172 596 με
191 509 328 583 suturam,
355 511 466 570 metuit:

197 625 334 692 Bnooiioae
350 627 457 692 Musae,
480 625 591 680 salvete!
621 632 647 678 et
663 625 739 678 dicite
755 642 873 692 carmen,

199 709 267 762 Olim
284 711 352 778 qood
370 709 452 764 cecini
468 728 553 764 coreru
571 711 715 780 pectoribus
731 711 795 776 inim

199 794 301 848 Excitet
316 793 343 846 in
359 795 448 862 lingua
463 813 561 850 somma
578 812 611 850 ne
627 797 754 865 pustulam
771 794 890 848 edacem!

104 915 185 974 Nam
206 914 367 994 interpretis
387 917 496 995 quidem
512 917 547 976 ad
562 937 588 977 v.
607 924 646 978 98
664 916 806 979 enarratio
824 921 990 997 argumento

104 1023 171 1088 ent,
194 1009 277 1098 φύσῃ
300 1017 503 1098 conlegisse,
524 1017 607 1095 idque
628 1037 690 1076 eum
710 1019 747 1080 ad
769 1012 833 1100 ᾠδὰ
851 1017 991 1075 ratrriisse.

114 1117 282 1190 Volebam,
317 1119 390 1196 quod
417 1137 473 1176 una
500 1137 560 1178 cum
587 1117 686 1178 Servio
719 1117 902 1196 antiquissimi
928 1115 992 1176 libri
1112 1193 1116 1200 ι

106 1227 289 1300 agnoscunt,
327 1219 419 1298 prisco
449 1239 525 1278 more
552 1220 685 1300 scriptum
718 1226 762 1278 est
787 1239 838 1298 pro
865 1215 993 1280 vellem.

107 1321 159 1380 lta
184 1321 302 1379 Plautus
329 1320 396 1380 dicit
415 1321 512 1381 Acta.
545 1323 584 1394 ΙΙ,
613 1327 646 1392 4,
670 1327 724 1383 46:
760 1323 831 1380 Sed
848 1326 879 1380 at
906 1323 992 1381 douai

105 1433 181 1492 eat,
202 1423 436 1483 Demaenetum
448 1423 611 1494 colebam,⁸
633 1423 747 1502 ipseque
759 1423 894 1504 Virgilius
909 1424 931 1494 Ι,
949 1429 991 1484 79

44 1549 46 1552 ·
105 1533 250 1602 poterae
280 1545 332 1604 pro
349 1542 474 1599 porres.
524 1525 691 1596 Volabant,
725 1525 798 1603 quod
820 1523 892 1584 saiso
922 1524 993 1583 scri·

108 1632 192 1706 ptum
213 1632 270 1697 esi,
292 1626 316 1685 ri
337 1625 404 1685 terri
424 1634 535 1705 posset,
565 1627 672 1688 Servio·
685 1626 713 1685 id
734 1627 887 1706 interprete
907 1625 994 1687 levis·

109 1726 184 1786 sime
204 1725 354 1788 ferremus:
395 1729 494 1788 Musae
515 1729 630 1786 alternis
650 1728 806 1786 canentium
833 1727 995 1788 memiuiose

88 1827 260 1897 'volebant‚
293 1827 454 1906 aspirabant
473 1829 597 1906 utrique3
629 1835 822 1906 praeterquam
843 1830 917 1906 quod
944 1833 995 1892 ab.

109 1939 228 1989 torace
248 1934 305 1984 tum
326 1927 434 1986 variata
459 1935 599 2006 potestate
624 1947 676 1985 sua
703 1929 836 2005 sequitur.
880 1931 995 2002 Verum,

110 2027 143 2089 ei
164 2027 204 2086 ita
225 2026 346 2100 dicatur,
378 2047 434 2086 non
461 2027 551 2108 magis
577 2027 605 2084 id
631 2027 743 2106 jejune,
776 2047 856 2106 qoam
883 2031 994 2090 incerto

112 2128 251 2200 consilio,
280 2129 381 2188 dictum
404 2127 454 2202 sit3
488 2147 550 2186 nem
572 2128 643 2188 idem
665 2148 728 2188 esse
750 2137 858 2208 posset:
891 2133 995 2194 nuum

114 2233 288 2291 alternorum
309 2230 459 2288 carminum
480 2230 556 2308 ipeee
571 2231 728 2290 meminisse
747 2232 891 2306 volebaot3
917 2236 994 2296 vole·

116 2334 199 2405 bant,
220 2339 253 2392 ut
268 2330 308 2388 iiii
329 2349 423 2388 eorum
438 2330 623 2403 meminerint3
646 2331 790 2404 volebant,
812 2340 844 2390 ut
858 2353 919 2415 ego
935 2369 992 2392 -.

115 2436 176 2493 Pro
191 2432 356 2493 carminibus
373 2419 496 2490 binorum
509 2427 645 2504 uersuum,
665 2433 777 2511 quaein
794 2435 876 2495 tertia
887 2438 994 2520 ecloga

116 2536 281 2607 miscentur,
307 2534 360 2592 hoo
381 2533 489 2611 quidem
513 2533 576 2592 loco
597 2534 689 2593 omnia
709 2542 909 2614 quaternorum
931 2559 996 2601 rer.

118 2655 197 2696 suom
218 2641 297 2694 eunt:
333 2634 425 2712 qualia
444 2634 518 2694 illico
544 2633 668 2700 invenire
695 2655 750 2695 non
771 2635 853 2698 facile
878 2642 993 2722 cujuffi-

118 2739 167 2799 iret
185 2743 285 2816 poetae
305 2741 377 2794 erat.

204 2846 242 2898 21
272 2870 313 2884 -
341 2842 389 2896 24.
437 2836 566 2914 Corydon
592 2837 759 2908 modestiae,
795 2837 935 2898 amicitiae
961 2849 992 2900 ee

117 2929 254 3002 honestae
279 2936 424 3018 dignitatis
449 2937 612 3000 documenta
637 2936 702 2996 adit.
750 2935 826 2994 Deae
848 2946 991 3016 precatur,

118 3047 153 3101 ut
173 3038 242 3110 eibi,
273 3058 353 3118 quum
375 3037 435 3116 ipse
456 3056 550 3116 parum
571 3036 676 3106 valeat,
715 3038 772 3094 tale
793 3036 906 3115 aliquod
928 3061 992 3102 aar.

118 3161 198 3212 men,
234 3141 313 3218 quala
344 3139 451 3209 Codro,
486 3137 572 3216 ipsius
604 3136 705 3207 amico,
744 3135 894 3216 inspirent3
930 3150 989 3218 aut
1104 3201 1108 3212 ,

118 3243 147 3305 ,εἰ
168 3241 257 3300 miuus
277 3241 400 3322 evulgo
422 3237 510 3318 possit
530 3255 688 3318 emergere,
721 3239 880 3300 renuntiare
905 3243 989 3322 piane

121 3346 182 3410 vult
202 3341 266 3402 arti.
307 3341 424 3424 Egregii
444 3338 546 3438 aliquid
566 3331 615 3397 aut
635 3338 714 3398 nihil!
745 3339 788 3398 lta
809 3341 915 3402 nobiles
941 3365 986 3405 ar·

121 3445 212 3507 tifiaer
238 3442 374 3515 sentiunt,
406 3441 466 3522 qui,
498 3459 558 3500 cum
584 3439 699 3520 ingenio
726 3441 809 3500 animi
834 3442 984 3506 bonitatem
