2444 4020
293 873 528 946 senode
553 873 619 944 1x.
653 869 1008 942 exeundum.

598 1027 772 1036 -—-—-—-—

330 1111 660 1188 ARGUMENTI,
673 1109 963 1183 NARRATIO.

475 1349 526 1408 ΑΒ
547 1349 584 1408 11.
606 1349 640 1407 C.
662 1347 815 1406 bccer.

206 1500 275 1560 Cn.
305 1501 517 1560 Domitio
552 1495 621 1580 (M.
650 1495 711 1578 F.)
743 1499 950 1557 Caluino
978 1495 1089 1556 Ile.

356 1616 938 1676 AsinioPolltoneCors.

452 1767 621 1826 AESTWO
643 1767 868 1828 TEMPORE..

295 1963 299 1966 -
379 1920 524 2002 Virgilius
536 1940 641 1978 ennom
662 1939 753 2000 egens
777 1926 911 1982 29-30.

204 2137 261 2218 Ad
290 2157 406 2236 priorem
434 2156 563 2236 eclogam
585 2156 694 2213 Romae
715 2153 865 2234 Virgilium
886 2151 1002 2216 vidimus
1024 2173 1093 2231 pro·

204 2259 281 2324 ximo
310 2258 457 2336 superiore
484 2277 574 2329 nuno,
603 2275 686 2333 quum
708 2255 774 2335 egri
795 2256 1046 2328 distribuerentur,
1072 2275 1090 2314 e

205 2361 336 2419 Pollione
363 2368 392 2418 et
418 2379 436 2418 e
457 2359 625 2418 Maecenate
646 2358 884 2429 commendatum,
911 2357 1092 2416 securitatem

189 2454 316 2538 ‘paterni
343 2459 423 2516 fundi
449 2460 553 2517 Aodini
580 2479 598 2517 o
620 2459 744 2517 Caesare
766 2459 921 2520 Octaviano
942 2457 1091 2518 triumviro

204 2557 409 2635 impetrovisse.
464 2559 496 2613 lu
529 2559 591 2635 ipso
625 2559 706 2616 exitu
733 2561 836 2619 mensis
864 2559 997 2618 Octobris
1024 2559 1091 2617 enni

204 2657 365 2728 Dccxm,
392 2655 657 2735 indefensi‘quum,
685 2668 750 2736 post
779 2661 919 2720 Pollionis
941 2681 979 2718 ex
1002 2661 1091 2719 Vene-

110 2837 111 2841 ,
204 2762 242 2820 tis
263 2761 433 2830 discessum,
455 2758 612 2830 lilontueni,
635 2779 704 2838 pree
725 2761 868 2821 veteranis
891 2781 928 2819 ex
952 2762 1092 2839 descripte

203 2864 279 2922 iuter
307 2861 409 2920 milites
431 2863 572 2920 Cremona
593 2861 821 2939 irrumpentibus,
843 2881 905 2920 cum
927 2863 1012 2920 rebus
1034 2863 1091 2921 suis

203 2965 351 3024 mobilibus
387 2963 594 3044 demigrarent,
629 2962 767 3038 Tityrus,
801 2963 897 3044 gentis
922 2963 1091 3028 ,Moronicoe

203 3067 336 3138 libertus,
372 3085 489 3125 securus
516 3065 602 3125 boves
630 3083 697 3122 suos
723 3064 824 3141 patriis
851 3063 880 3121 in
902 3063 1022 3123 soltibus
1044 3084 1091 3143 po·
1203 3073 1204 3078 ’

125 3181 129 3188 “
203 3169 310 3226 scebet.

288 3265 348 3326 Sed
369 3265 539 3342 aliquamdiu
561 3271 627 3344 post
647 3264 722 3323 illem
740 3266 870 3346 eclogem
883 3283 1007 3346 peregre
1022 3263 1088 3322 scri·

202 3371 279 3443 ptem
306 3383 401 3426 cororn
429 3372 460 3424 et
486 3385 637 3443 praesens,
677 3365 816 3446 Virgilius
843 3367 1002 3425 consultum
1028 3383 1087 3423 erse

203 3463 303 3536 duxit,
325 3464 525 3542 patrimonium
545 3485 625 3525 suum
647 3467 684 3526 sb
705 3465 908 3546 impotentibus
930 3464 1086 3526 defendere.
