2340 4036
177 303 224 366 8!
275 291 430 352 ECLOGA
452 289 501 350 ΙΙΙ.
523 287 756 350 uuaumua'rl
778 287 991 350 llAllllATlll.

179 463 233 534 ria,
266 473 369 546 nouum
402 461 429 520 ei
458 465 488 520 et
514 459 600 540 bajas
630 457 791 540 ammenti
818 476 931 517 carmen
960 457 1083 536 aliquod

181 561 307 624 offerret
585 549 590 560 “

263 657 448 722 verisimilior
480 661 550 746 baec
581 661 664 740 bajus
696 657 739 718 rei
770 657 827 718 erit
858 654 943 720 ratio.
996 658 1083 720 later

179 783 277 846 agros,
300 762 348 842 qui
370 760 553 821 distribuendi
574 779 593 820 a
613 758 767 824 triumviris
791 755 1081 838 propositifuerant,
1164 777 1165 780 ¹

179 883 263 944 quum
290 882 363 944 ager
389 879 501 940 quoqne
528 859 728 920 Cremonensis
755 867 847 932 esset3
879 860 951 920 baec
974 859 1081 939 juveni

178 964 290 1023 Andino
317 968 510 1038 marceret,
541 979 594 1021 eur
619 961 764 1043 ingeniosi
789 959 901 1042 legati,
931 961 1014 1040 cujus
1042 961 1082 1020 de

179 1063 354 1124 sermonibus
375 1069 406 1122 et
426 1062 540 1142 scriptis
559 1060 637 1122 fama
657 1061 829 1143 provinciam
860 1069 1080 1142 peragraverat,

180 1183 264 1245 quum
292 1164 409 1245 primum
430 1164 560 1236 deceret,
595 1162 821 1224 benevolentiam
841 1161 896 1221 albi
922 1161 1081 1222 conciliare

179 1266 274 1328 vallet.
316 1265 415 1342 Neque
435 1262 574 1322 Pollionis
597 1263 696 1322 deerat
716 1261 817 1341 pudori
834 1262 955 1343 juvenili
976 1263 1079 1322 cobor-

180 1365 268 1436 tati03
290 1363 386 1447 itaque
397 1363 534 1444 Virgilius
548 1383 637 1424 verna
649 1370 784 1444 tempore,
802 1363 848 1425 vel
863 1362 968 1424 Martio
979 1383 1079 1424 meuse

182 1465 228 1526 vcl
244 1463 344 1544 Aprili,
366 1463 438 1523 banc
453 1463 581 1545 eclogam
601 1464 795 1542 componebat,
818 1482 900 1542 quae,
921 1463 1079 1524 laetirnris

88 1585 93 1594 ‘
180 1566 362 1627 securitatem
383 1563 566 1634 adumbrans,
604 1569 634 1622 et
656 1563 859 1646 indulgentiam
884 1563 1023 1644 praelecti
1048 1572 1079 1626 et

182 1666 297 1748 insigne
319 1665 381 1746 ejus
400 1665 544 1726 masma
568 1647 846 1726 anormalam„
891 1665 949 1724 lma
969 1666 1078 1726 rum

182 1766 227 1828 ais
252 1767 364 1848 aliquae
381 1763 494 1826 fabulae
510 1765 539 1824 in
563 1764 681 1825 theatris
695 1765 913 1852 provincialibus
930 1773 1078 1846 spectatae

182 1887 247 1929 csse
269 1868 423 1940 debebant,
456 1886 540 1947 quum
566 1866 694 1948 magicos
721 1866 783 1948 ejus
805 1865 921 1946 spiritus
945 1874 1078 1947 pastores

183 1969 310 2029 Andinos
326 1990 354 2032 r.
368 1975 505 2032 rso-89
521 1973 606 2050 putta
622 1967 798 2028 celebrantes
815 1967 911 2028 faciat.

193 2057 200 2063 N
268 2069 350 2131 0bvii
362 2078 455 2130 autem
467 2070 582 2128 ineunte
594 2068 683 2147 Aprili
698 2067 727 2126 in
739 2069 851 2146 publico
863 2087 978 2148 pascuo,
999 2069 1076 2148 quod

184 2170 292 2232 declive
312 2170 348 2229 ad
364 2169 497 2230 blineinm
515 2169 670 2251 vergebat,
692 2167 837 2230 Menalcas
859 2176 889 2229 et
910 2169 1075 2242 namnetas,

183 2291 255 2352 quas
277 2276 408 2351 pastores
431 2271 560 2330 Andiros
582 2275 669 2350 putta
688 2265 787 2340 linxit,
814 2269 930 2348 primum
949 2271 1009 2330 tela
1027 2273 1076 2351 je·

184 2373 262 2433 ciunt
282 2373 405 2433 rusticae
425 2371 598 2443 dicacitatis,
627 2391 700 2450 quae
721 2376 830 2430 tantum
849 2371 944 2442 abest,
973 2377 1007 2430 ut
1028 2372 1075 2432 vel

183 2472 353 2532 urbanitatis
370 2473 415 2534 vel
441 2474 524 2532 aulae
545 2469 673 2544 facetiis,
704 2470 816 2530 minime
838 2489 907 2532 uero
928 2472 1002 2532 mala
1023 2473 1075 2532 do-

185 2579 294 2632 ctarum
320 2591 412 2632 nasae
438 2573 578 2633 Arcadiae
606 2570 788 2632 affectatione
815 2571 913 2631 limata
939 2572 995 2644 sit,
1025 2581 1075 2645 nt,

184 2693 258 2753 quae
278 2691 343 2733 asse
356 2673 486 2744 debebat,
507 2673 599 2732 solida
616 2672 655 2731 sit
671 2677 701 2732 et
715 2672 834 2752 simplex
855 2672 990 2733 dicacitas
1007 2693 1076 2734 acu·

184 2774 238 2834 leis
258 2773 397 2834 interdum
414 2773 519 2834 rustice
534 2773 739 2856 pungentibus:
760 2781 939 2853 postremum,
962 2781 995 2833 nt
1011 2795 1075 2836 car·

183 2874 257 2935 mine
280 2881 404 2946 certent,
431 2893 463 2934 se
485 2881 655 2954 provocant,
685 2879 715 2933 et
735 2873 888 2934 Palaemon
910 2874 1020 2936 vicinus
1039 2873 1075 2936 lit

183 2975 299 3036 arbiter.
341 2975 495 3034 Exordium
513 2981 543 3034 ct
558 2975 630 3034 alios
648 2974 728 3035 locus
746 2994 785 3034 ex
803 2981 904 3054 quarto
922 2982 953 3035 et
973 2977 1073 3055 quintu

183 3075 333 3134 'l'beocriti
362 3075 459 3152 idyllia
486 3082 613 3136 nostrum
641 3073 705 3154 qais
733 3075 888 3135 contendat
908 3075 1072 3138 derivaret

182 3176 233 3236 sed
258 3174 406 3256 ingeniose
429 3175 552 3236 imitatus
582 3182 647 3248 est,
676 3175 905 3255 quemadmodum
930 3177 959 3236 in
985 3185 1071 3238 cantu

182 3275 307 3336 aemulus
327 3275 461 3336 imitando
483 3278 655 3358 propositum
675 3277 819 3357 exemplar
846 3285 982 3357 superare
1001 3279 1070 3340 vult.
