2412 4028
200 250 248 312 44
480 241 633 302 ECLOGA
656 242 690 299 ll.
714 243 816 302 1—5.

201 431 288 492 prope
310 410 402 472 villam
424 409 535 490 pergit,
572 428 627 486 qua
648 407 789 468 formosus
811 429 873 468 eura
895 409 970 470 forte
992 411 1095 470 Alexis

201 514 347 573 auditurus
368 510 415 568 sit.
458 511 510 569 llic
531 511 669 588 usquead
689 530 835 588 vesperam
857 510 1000 588 desipiens
1017 531 1095 568 cam-

201 614 339 672 motiones
357 610 442 670 uninri
461 611 575 689 carptim
595 611 732 688 loquitur3
754 630 824 688 queas
843 611 904 689 ejus
924 609 1095 671 memores

121 759 125 770 ,
202 715 238 774 ad
260 711 475 794 perpetuitatem
495 713 639 790 quamdam
660 711 745 770 struit
764 711 908 792 Virgilius.

508 1011 785 1022 ---..-....-.---

475 1261 813 1324 Aomotatm

287 1423 389 1478 1-5.
435 1417 597 1494 Corydon,
613 1413 774 1494 praefectus
785 1421 929 1494 postorum
940 1416 1030 1476 Siculi
1043 1437 1092 1495 pe-

201 1520 276 1578 coris
296 1542 323 1580 v.
347 1527 396 1588 tl,
412 1516 569 1594 *lbrmosunr
591 1515 692 1572 Alexin
715 1515 840 1588 amabat,
863 1535 946 1594 quem
968 1517 997 1574 in
1021 1517 1092 1576 deli·

201 1621 253 1680 ciis
274 1620 394 1678 lubebat
415 1615 682 1696 pucrmnrdominus
705 1615 779 1674 lolas
800 1636 827 1676 v.
851 1621 901 1677 57.
944 1618 1027 1682 Quae
1048 1618 1091 1676 iu-

202 1729 246 1780 ter
268 1721 362 1790 ltalos,
385 1719 481 1777 eadem
501 1716 563 1776 lere
582 1716 657 1776 inter
670 1716 781 1775 Siculos
803 1737 841 1774 ex
857 1697 1005 1776 Ciceronis
1026 1739 1091 1778 aru-

201 1823 324 1880 tionibus
347 1820 481 1880 adversus
509 1819 625 1877 Verrem
651 1817 740 1876 misse
766 1817 949 1898 intelligimus
976 1819 1017 1878 rei
1044 1839 1091 1878 ru-

200 1923 289 1982 sticae
306 1919 443 1979 instituta.
475 1919 658 1978 Praediorum
674 1917 787 1991 domini,
811 1925 840 1978 et
852 1919 955 1978 Graeci
969 1926 999 1977 et
1012 1920 1092 1978 multi

201 2023 329 2094 Romani,
351 2022 379 2080 in
397 2021 513 2080 aedibus
530 2020 652 2091 rusticis,
673 2021 779 2090 uillis,
804 2017 967 2097 frequentes
980 2039 1089 2090 serres,

192 2127 369 2199 familias,
393 2121 596 2201 agricolarum,
617 2119 767 2180 vinitorum
789 2126 819 2178 et
838 2127 982 2198 pastorum
1005 2121 1090 2182 hube-

200 2226 282 2295 bant,
311 2222 359 2302 qui
381 2222 463 2280 etiam
486 2221 514 2280 in
537 2221 645 2280 catenis
667 2241 685 2280 a
711 2219 914 2280 crudelioribus
937 2221 1089 2282 seruaban-

199 2331 260 2396 tnr,
287 2331 318 2384 et
338 2323 390 2382 sub
410 2327 587 2400 magistris
609 2329 706 2382 crant:
739 2321 800 2398 qui,
827 2320 869 2380 rei
890 2321 1014 2382 rusticae
1036 2322 1089 2382 uisi
1185 2325 1186 2340 ¹

199 2425 327 2484 dominus
348 2443 443 2483 curam
461 2424 591 2492 babebat,
613 2420 844 2499 procuratoribus
865 2421 918 2500 ipsi
941 2422 1088 2500 aliquibus,

197 2529 339 2595 villicis,
368 2523 514 2601 parebant
557 2523 632 2592 Hos,
661 2539 778 2599 quorum
800 2537 893 2582 mores
915 2523 1088 2584 Theocritus

198 2633 255 2684 tam
281 2641 382 2684 suares
415 2621 532 2692 cecinit,
566 2621 726 2702 agricolus,
754 2623 837 2682 valde
864 2623 998 2684 credibile
1029 2631 1088 2694 est,

199 2727 310 2785 Graeca
330 2722 487 2782 eruditione
509 2722 600 2803 ungis
622 2722 707 2782 etiam
728 2723 858 2784 excultos
881 2723 984 2794 fuisse,
1006 2745 1089 2803 quam

197 2826 226 2886 in
261 2823 386 2904 plurimis
413 2821 526 2892 ltaliae,
560 2830 755 2901 praeterquam
788 2845 908 2906 magnus
939 2826 1088 2897 Graeciae,

197 2925 333 3006 praediis:
355 2947 360 2961 -·
373 2924 481 2981 Romae
494 2922 685 2984 dominatricis
705 2943 788 3004 quam
804 2926 860 2985 late
876 2933 1013 3007 regnaret
1024 2948 1088 2986 oro·

197 3027 252 3101 tio,
284 3024 353 3084 nibil
379 3030 464 3103 poeta
490 3024 620 3098 curabat3
658 3045 721 3085 nam
751 3027 835 3086 etiam
860 3027 890 3085 in
911 3028 1004 3086 Pindo
1025 3028 1086 3088 uu.

196 3127 261 3184 vul
282 3133 313 3186 et
334 3125 362 3184 in
383 3123 522 3183 Arcadiae
543 3126 683 3184 montibus
704 3128 765 3188 Ecl.
782 3127 813 3184 X
835 3127 939 3187 Latine
960 3128 1087 3188 diceutes

196 3226 293 3286 audiit.
336 3224 426 3284 Simili
448 3225 529 3284 modo
553 3227 728 3304 Theocritus
748 3228 785 3288 id.
807 3227 906 3286 xxm
927 3227 1054 3288 orditur:

261 3355 397 3410 Difficilem
415 3371 522 3425 puerum
539 3357 648 3411 tlarnmis
665 3355 772 3412 ardebat
787 3357 882 3425 iniquis

263 3441 322 3506 Vir,
340 3440 439 3494 tristem
456 3442 594 3510 obsequio,
614 3443 710 3510 pariter
725 3457 778 3494 non
795 3457 904 3511 corpora
921 3443 1028 3498 tristem.
