2340 4036
189 255 269 358 m
417 279 571 342 amour
593 277 641 338 m.
665 279 852 340 ror-roa.

189 453 238 534 qui
274 451 402 514 studiose
431 450 524 511 bullae
560 445 668 528 insigni
701 441 773 516 vll,
803 448 851 505 28
888 445 992 502 contu
1023 459 1084 498 om·

151 596 155 610 Ι
191 575 254 616 nem
275 552 489 614 fascinationem
511 549 716 609 muniebantur.
758 543 857 622 Neque
871 542 960 604 iovitll
981 541 1083 612 solun,

192 667 277 736 'saepe
298 653 394 725 amici,
428 649 589 720 familiaris,
623 647 712 727 ipsius
732 646 825 725 patris
843 643 943 704 infelix
966 645 1084 702 oculu

193 745 257 818 esse
278 755 442 824 vilebatur,
478 758 511 810 nt
531 758 635 810 matres
656 749 692 808 ab
713 748 748 807 iis
769 745 894 808 infantes
915 749 1001 812 natos
1023 751 1085 802 tue-

193 863 306 928 rentur3
340 861 370 914 et
391 853 520 931 exempla
540 857 623 910 erent
643 849 814 928 uliquorum,
848 846 967 925 quilius,
1002 861 1086 924 quen

170 943 344 1038 'imaginem
374 974 453 1014 sunm
468 971 554 1030 taque
586 950 754 1029 conspicere
777 947 949 1017 voluissent,
986 944 1085 1004 morbo

194 1058 285 1118 forma
308 1055 433 1136 perierit.
476 1053 568 1112 Etiam
596 1071 671 1110 nunc
692 1048 848 1109 ialantilrus
869 1053 899 1107 ot
919 1045 1003 1126 pullis
1026 1043 1086 1104 ani·

195 1159 308 1220 molium
329 1157 428 1216 oculas
449 1175 507 1214 non
526 1154 617 1214 solum
639 1152 721 1212 obest
741 1149 900 1220 sesciacum
928 1148 980 1206 sed
1002 1146 1088 1206 ctiam

196 1260 321 1320 nutrices
343 1263 424 1328 sunt,
453 1273 539 1340 quoe,
575 1253 736 1333 priusquam
762 1250 799 1312 ul
820 1269 904 1308 sacra
929 1254 1023 1308 mater
1043 1265 1087 1306 re-

197 1359 278 1418 diens
298 1358 419 1417 lustrata
438 1356 491 1427 sit,
524 1353 661 1414 infantem
681 1352 811 1414 delitent
839 1349 940 1428 cuique
961 1349 1088 1410 adnuae

129 1517 135 1532 „
198 1464 369 1530 monstrare3
397 1459 434 1516 rie
455 1455 530 1516 forte
551 1455 693 1536 malignus
713 1453 789 1512 inter
808 1471 861 1511 eos
880 1450 980 1510 oculus
1000 1448 1089 1508 inter·

198 1560 251 1630 sit,
284 1557 331 1636 qui
357 1564 522 1618 accurrerem
544 1556 665 1634 quietem
691 1553 784 1634 partui
805 1551 926 1612 auant.
968 1549 1089 1610 Ναὶ·

200 1663 276 1740 quta
305 1660 436 1730 oculus,
454 1715 455 1718 ,
470 1657 582 1731 oculus,
612 1657 674 1735 qui,
701 1653 837 1734 quieuit,
870 1651 986 1723 nescio;
1012 1653 1090 1730 quia

200 1777 252 1839 pro
283 1761 352 1837 qut.
399 1758 460 1816 Pro
486 1776 594 1836 agnos
620 1751 792 1838 Languielrii
823 1772 935 1832 qnoque
963 1753 1036 1812 lilrer
1061 1757 1091 1811 et

201 1857 349 1918 Hafniens.
378 1859 408 1918 0
422 1855 543 1918 hoedos
571 1859 664 1916 habet.
708 1856 826 1916 Scribne
847 1853 1002 1914 Menalcam
1030 1851 1091 1932 opi-

202 1959 343 2020 nabantur
376 1957 435 2018 suis
470 1957 564 2020 uerbis
597 1958 757 2037 loquentem
789 1955 888 2014 audire
919 1953 1091 2034 caprarium

202 2059 299 2140 quidni
320 2059 404 2118 etiam
424 2079 451 2120 v.
474 2065 515 2119 9⁴
537 2055 647 2119 et'ost

290 2161 475 2220 tol-105.
517 2157 694 2216 Postremum
716 2155 830 2216 additur
850 2177 903 2238 pm·
919 2155 1091 2215 'rusticorum

204 2259 408 2341 aenigmatum,
443 2257 557 2317 omniuo
583 2257 731 2318 veritatem
758 2259 908 2330 imitetum,
941 2256 1092 2336 inquibus

203 2361 314 2421 intento
335 2353 510 2438 exspectatio
532 2379 681 2438 numquam
712 2361 749 2420 nd
775 2359 950 2418 reconditam
971 2357 1092 2435 aliquan

204 2461 375 2534 doctrinam,
411 2460 462 2518 sed
484 2460 520 2518 od
541 2461 705 2532 verborum,
742 2460 779 2518 ad
800 2459 1003 2520 sententiarum
1025 2456 1093 2537 lepi-

204 2561 268 2618 dam
299 2559 543 2618 commutationem
572 2559 724 2642 ingeniose
751 2561 851 2620 deduci
878 2560 963 2620 solet.
1013 2559 1093 2620 cae·

205 2662 288 2731 laem,
326 2660 401 2738 quod
429 2659 532 2720 alicubi
553 2679 604 2740 per
629 2673 699 2722 tres
725 2668 833 2720 tantum
853 2665 954 2722 clm
986 2657 1095 2740 porrigi

206 2757 322 2831 dicitur,
352 2759 429 2838 ipson
450 2768 562 2822 veteres
585 2761 789 2823 Grammaticos
810 2763 846 2822 ud
868 2760 1095 2841 desperationem
1163 2777 1164 2782 ’

205 2860 319 2942 adegit3
352 2867 383 2920 et
408 2860 561 2920 acrioribus
593 2863 749 2940 quibusque
776 2881 864 2943 opera
894 2863 1017 2922 adaucta
1043 2865 1095 2931 est.
1162 2870 1163 2885 ¹

122 3003 125 3006 -
205 2968 239 3022 ut
266 2981 303 3020 ex
324 2967 381 3020 tam
401 2961 479 3022 varie
507 2969 537 3020 et
558 2968 615 3020 tam
642 2971 725 3024 acuto
751 2964 895 3046 indagatis
922 2962 1097 3042 aptissimum

157 3092 159 3095 ·
206 3061 361 3142 eligerent,
394 3068 444 3120 aut
470 3081 544 3122 nava
575 3064 772 3136 enuclearent,
806 3063 912 3144 quein
943 3083 976 3122 re
1004 3067 1096 3132 eraut,

206 3161 255 3241 qui
272 3159 461 3221 difficillimum
483 3161 626 3244 ingenium
644 3163 805 3243 probarent.
848 3165 1002 3226 Caelum
1013 3163 1099 3222 niun

87 3325 89 3332 ,
206 3261 367 3322 ulnaruml.
393 3263 453 3334 En,
486 3261 576 3342 inquit
597 3265 640 3325 vir
660 3266 773 3346 gravis,
809 3266 838 3325 ia
859 3272 945 3344 puteo
967 3265 1098 3344 Syenite,

207 3361 256 3422 ubi
276 3362 433 3442 philosophi
454 3364 525 3424 diem
552 3365 729 3426 solstitialem
750 3374 880 3440 merant,
908 3371 1017 3426 tentam
1037 3373 1099 3426 tras

207 3462 292 3524 ulnae
319 3463 356 3524 ‹lo
384 3465 463 3526 eaelo
493 3461 717 3546 campieiuntur!
760 3469 820 3527 cur
841 3466 978 3548 §penitet
1008 3463 1101 3526 inter·
