2462 4028
185 214 253 318 ouo
286 305 288 310 ,
440 243 595 302 ucuoen
617 242 655 313 x,
677 246 815 302 70-74.

186 411 294 472 animos
320 411 516 490 inspirantium
538 409 727 482 recordatum,
749 407 899 467 cecinisse.
938 408 1090 466 llccordu-

185 512 290 598 tionem
319 531 386 581 usu2
404 518 586 590 expertorum
614 509 648 570 in
683 509 804 588 septima
836 529 949 588 quoque
983 509 1090 588 ecloga

185 634 214 676 v.
239 621 277 676 19
300 633 318 672 o
338 612 428 672 Musis
455 611 591 692 expetiit,
622 630 676 670 nec
705 609 797 668 minus
825 617 919 669 tomam
940 630 969 670 v.
993 617 1032 672 69
1055 610 1086 667 in

187 713 367 792 expositione
388 712 509 772 maxime
531 712 626 772 eximii
642 703 795 790 acquievis
816 713 855 772 nt
873 711 1088 789 quareMusoe,

186 835 270 893 quum
281 815 425 873 Arethusa
446 821 540 874 tamen
562 813 671 872 animos
693 819 771 873 esset
782 813 945 894 inspironsl
966 811 1090 870 Scilicet

185 917 256 974 lraec
278 897 355 986 erat,
378 935 466 994 quae,
488 917 525 975 od
547 914 697 976 Theocriti
718 934 818 974 sonum
840 911 1010 984 inflandum,
1034 913 1088 971 im-

186 1016 284 1096 primis
306 1017 514 1091 advocabatur3
536 1017 596 1091 sed,
618 1021 652 1074 ut
672 1035 735 1076 cum
757 1017 881 1074 Homero
902 1016 1021 1103 loquar:

221 1151 285 1202 Solo
301 1165 346 1202 nec
362 1151 424 1216 illo3
441 1151 540 1216 mellae
557 1151 674 1214 oderunt,
692 1165 755 1216 pane
772 1151 886 1200 camarina
903 1146 1035 1198 amabant.

187 1271 280 1336 Quam
314 1289 401 1349 saepe
433 1269 462 1328 in
494 1265 667 1328 advocandis
693 1267 784 1326 Musis
817 1287 874 1326 una
906 1266 1084 1346 appellatur!

171 1370 250 1429 -Soli
277 1370 401 1430 Thaliae
430 1371 459 1428 in
487 1369 625 1448 principio
659 1375 761 1428 sextae
792 1369 911 1450 eclogae
938 1374 1026 1446 poeta
1052 1388 1087 1426 se

187 1469 284 1530 dicare
310 1472 438 1543 videtur,
468 1478 498 1529 et
524 1469 620 1529 statim
635 1477 765 1549 posteo,
794 1469 901 1548 pariter
922 1476 1007 1546 atque
1029 1469 1085 1539 llic,

187 1577 309 1630 cunctae
344 1572 475 1630 Pierides
513 1577 629 1648 praesto
662 1577 739 1632 sunt.
790 1569 911 1631 Corde-r
945 1569 1084 1648 aliumque

187 1669 390 1749 supellectilem
418 1683 552 1742 texere,
587 1677 731 1749 pastorum
759 1691 905 1732 commune
938 1669 1084 1751 negotium

187 1777 251 1828 erat
271 1769 312 1842 ll,
339 1779 392 1832 71.
436 1757 517 1830 lianc
539 1772 711 1834 cordulam
732 1791 769 1832 ex
797 1769 940 1844 hibisco,
970 1771 1005 1830 de
1027 1791 1085 1850 quo
1128 1849 1134 1854 .
1221 1731 1222 1782 l

187 1873 224 1943 ll,
249 1880 291 1934 30
314 1872 493 1944 dictumest,
516 1873 552 1931 ad
574 1893 675 1933 caseon
697 1873 862 1947 formandos
885 1873 1016 1952 caprinos
1038 1893 1085 1932 cn·

186 1973 299 2052 precius
331 1973 498 2034 destinavit:
536 1975 766 2050 quemadmodum
800 1975 874 2053 apnd
901 1975 1086 2038 Golurnellom

188 2083 217 2134 et
231 2075 411 2153 Calpurnium
433 2075 510 2133 cosei
532 2075 576 2134 vel
598 2075 627 2133 in
649 2075 802 2134 minoribns
824 2075 868 2136 vel
890 2075 919 2133 in
933 2075 1086 2155 majoribus

189 2175 322 2235 corbibus
345 2171 536 2251 (fiiscellae,
557 2171 701 2256 calathi)
723 2173 892 2235 formantur.
938 2175 1025 2234 liliam
1048 2177 1085 2234 de

187 2278 319 2354 Apolline
340 2284 455 2356 pastore
477 2277 612 2336 'l'ibullus
634 2277 669 2349 ll,
695 2285 724 2349 3,
751 2281 789 2338 15
811 2276 904 2336 canit:

290 2409 363 2460 Tunc
378 2409 474 2474 fiscello
491 2411 539 2461 leui
556 2410 658 2461 dotem
675 2417 713 2460 est
730 2411 820 2461 uimine
830 2408 912 2476 junci,

391 2495 511 2560 Raraque
526 2509 573 2560 per
588 2509 669 2545 occas
686 2499 723 2546 cel
739 2496 782 2546 oia
798 2493 870 2559 sacta
886 2510 950 2545 seco.

186 2626 363 2706 Adjectivnm
383 2628 534 2707 gracilia
562 2629 695 2709 designat
716 2629 881 2690 tenuitatem
888 2674 898 2704 ,
929 2630 1085 2712 longitudi-

186 2748 259 2801 nem,
282 2727 439 2788 exilitatem
461 2729 604 2810 virgarum
627 2749 664 2788 ex
686 2730 807 2804 hibisco,
826 2731 895 2790 nihil
917 2730 946 2789 id
957 2729 1110 2810 alludens*

187 2831 224 2890 od
254 2836 367 2889 tenuem
395 2831 478 2910 hujus
507 2831 628 2912 eclogae
655 2838 704 2890 aut
730 2831 880 2894 universae
907 2832 1085 2892 collectionis

186 2931 396 2992 tractationem.
417 2931 571 2992 Pierides
593 2951 650 3012 ego
672 2952 729 2992 non
746 2932 916 2994 caudicae
927 2933 1084 3015 conjungo,

186 3032 263 3110 quod
284 3029 347 3091 fieri
369 3040 467 3095 uetant
489 3033 673 3112 interpositn3
695 3035 765 3105 sed,
787 3034 869 3112 quasi
891 3052 992 3094 nouam
1013 3034 1086 3093 allo·

187 3133 360 3210 quutionem,
383 3153 445 3192 eum
467 3133 659 3212 sequentibus.
703 3135 858 3195 Pierides
875 3136 1015 3208 paellae
1033 3136 1084 3208 ΙΙΙ,

189 3239 240 3294 85.
263 3233 317 3305 Vl,
342 3242 391 3292 13.
434 3233 538 3294 Amor
568 3234 597 3292 in
620 3235 730 3295 Gallum
753 3255 815 3294 eum
837 3235 950 3316 adegit,
980 3241 1013 3294 ut
1034 3237 1084 3295 tri-

188 3319 262 3418 stem
289 3344 418 3395 eventum
446 3335 528 3393 amici
556 3335 650 3406 solus,
685 3355 705 3398 a
731 3333 810 3396 silvis
837 3342 944 3394 tantum
970 3335 1107 3396 auditus.

188 3455 215 3494 v.
238 3443 273 3507 8,
302 3442 433 3506 caueret,
454 3435 545 3511 ¹inque
568 3455 603 3494 eo
625 3433 721 3495 officio
743 3456 776 3496 se
797 3435 1006 3497 retardaretu.
1030 3441 1081 3498 75.
