2380 4028
353 286 505 348 EOLOGA
525 285 586 359 vll,
609 291 755 348 14—20.
952 293 997 355 'lt
1108 291 1110 304 '

98 452 184 514 dicit
208 453 259 525 lll,
282 456 331 525 55,
353 455 382 513 id
403 473 439 514 ne
461 455 634 534 exprimente
655 456 778 533 quidem,
801 455 937 514 occultem
951 471 998 513 co·

98 555 287 637 gitationem
307 555 379 650 lonis
399 557 521 631 msurri,
543 575 625 636 quem
645 564 725 617 vctns
746 575 845 618 versus
863 555 999 616 Victorini

98 658 132 716 11
159 679 195 736 p.
221 663 304 720 25³0
325 657 437 716 laudnt:

223 789 302 854 Tale,
320 791 395 856 quale
410 805 471 844 vere
487 789 562 841 ‹lnlce
578 788 663 841 sibilat
679 794 746 842 teres
763 789 859 841 donax.

102 909 181 968 Non
206 909 246 968 ite
267 911 364 988 procul
381 932 399 969 o
415 911 483 970 sede
500 929 640 990 quercus
662 917 723 969 eret
740 911 813 981 olto,
835 909 920 968 orbor
936 909 1001 970 iovi

101 1012 277 1070 Dodonaeo
300 995 414 1082 sacro,
449 1012 528 1090 cujus
550 1031 566 1070 e
587 1019 686 1070 trunco
716 1017 815 1070 caveto
843 1016 1002 1070 examina

102 1133 221 1190 apum
240 1113 423 1172 resonabunt.
464 1112 544 1170 Hono
566 1131 678 1174 suavem
697 1111 847 1194 incgiuom
863 1112 1003 1170 Theocri-

103 1221 159 1273 tus
184 1215 235 1278 ito,
249 1215 334 1272 hebet
355 1213 377 1286 Ι,
401 1221 475 1300 1069

182 1375 223 1387 --
238 1373 273 1386 -
291 1347 357 1400 Sunt
373 1361 453 1414 prope
470 1361 579 1414 quercus
597 1348 687 1414 estque
703 1360 821 1414 cyperos,

183 1431 223 1484 Et
239 1447 321 1498 prope
338 1445 401 1500 opes
417 1430 493 1481 dulce
509 1431 541 1480 ad
559 1430 655 1482 mellite
672 1431 783 1482 alvearia
800 1429 918 1484 stridunt

104 1551 235 1633 Virgilii
255 1551 346 1631 patrio
367 1549 469 1610 fertilis
491 1569 571 1630 opum
594 1558 668 1621 eost,
692 1571 806 1629 querum
829 1553 898 1624 mol,
920 1572 1003 1632 sepo-

106 1653 155 1712 nis
176 1652 388 1734 jucundissimi,
419 1652 462 1712 vol
486 1671 547 1710 cnm
568 1651 695 1729 Hyblaeo
717 1661 801 1731 potito
822 1655 844 1725 l,
867 1659 907 1715 54
929 1675 1003 1714 com·

96 1755 249 1834 'perabat
293 1756 369 1832 Apes
391 1762 496 1812 exeunt
509 1754 544 1811 eb
566 1760 630 1812 ortu
642 1755 843 1836 Vergiliarum,
864 1756 884 1814 i.
907 1776 932 1814 c.
951 1757 1002 1816 sub

108 1855 204 1916 finem
219 1853 338 1932 Aprilis,
357 1857 449 1930 'usquc
470 1855 505 1911 ed
527 1853 599 1911 diem
621 1856 804 1914 solstitialem.
847 1857 891 1915 Ad
907 1863 1002 1931 ripae

110 1957 232 2036 quidem
254 1951 375 2014 viridis
402 1973 452 2031 pro
479 1957 604 2012 uirides
632 1956 724 2014 otiose
751 1962 827 2014 esset
854 1957 1002 2036 adjectum,

112 2077 206 2136 quum
228 2054 399 2135 pneti‘ripos
416 2055 491 2112 uitm
509 2053 613 2112 virides
632 2053 772 2135 fingemus
787 2057 894 2130 ooimu3
916 2060 1003 2120 Min·

112 2164 173 2220 cio
195 2164 289 2217 eutem
303 2155 458 2234 speciosius
475 2155 503 2212 id
518 2155 663 2234 adjicitur,
684 2161 807 2216 uirenti
822 2159 908 2220 variis
925 2162 1003 2238 plon-

113 2241 160 2318 tis
182 2257 368 2335 palustribus,
389 2256 463 2314 unde
484 2256 540 2314 Lis.
561 2257 596 2326 ll,
620 2264 679 2318 199
700 2257 773 2316 idem
785 2262 915 2333 flumen
929 2259 1004 2322 hcr-

117 2361 232 2420 bosum
263 2356 432 2415 nominetur.
481 2357 612 2428 Accedit,
645 2359 719 2435 quod
745 2363 869 2420 uirides
897 2363 1004 2424 duobus

116 2467 231 2520 tontum
253 2459 282 2516 io
304 2458 383 2516 libris
410 2457 520 2534 scriptis
542 2459 749 2536 reperiebatur,
783 2462 912 2539 quonism
938 2465 1004 2524 reli·

117 2563 304 2642 qui-omnes,
326 2561 454 2638 interque
475 2580 524 2618 cos
545 2559 713 2622 Hosnienses
734 2583 860 2642 quoque,
881 2567 1003 2630 cirids'o

119 2666 273 2730 Mincius
296 2681 358 2722 csse
380 2662 530 2742 ponebant.
569 2728 575 2738 1

209 2788 248 2843 14
258 2813 299 2828 -
311 2787 361 2841 20.
403 2782 551 2840 Abiremnc
565 2801 601 2839 on
617 2785 772 2842 monosemi
807 2784 884 2864 Agni
898 2805 916 2844 c
929 2787 1006 2866 lecte·

124 2883 233 2962 depulsi
254 2889 321 2942 ente
341 2883 527 2960 vespertinum
549 2881 640 2961 frigus
670 2882 757 2940 intro·
771 2885 908 2942 stabulum
936 2887 1004 2968 cogi

123 2984 269 3056 volebant,
297 3003 350 3042 nec
369 2983 467 3040 ederet
488 2982 648 3042 ancillarum
670 2983 771 3059 ulique.
814 2985 1002 3048 verumenim.

125 3105 195 3148 vero
226 3085 307 3163 quole
334 3089 474 3142 certamen
506 3083 625 3160 qualium
651 3089 796 3161 politorum
826 3088 1000 3164 certantium,

127 3185 204 3268 quod
225 3184 321 3244 oudino
341 3185 481 3264 peterem!
504 3184 656 3242 Consilium
678 3185 805 3244 constitit
825 3195 854 3246 et
869 3191 1000 3253 remensi.

125 3319 169 3338 ...
189 3283 332 3362 Ausppe
353 3293 383 3346 ct
403 3283 533 3365 Phyllis
553 3286 692 3346 Meliboco
713 3287 851 3362 serviunt,
881 3291 927 3368 qni
947 3313 999 3373 pro

126 3388 227 3450 ordine
248 3405 300 3446 suo
322 3388 391 3448 sutis
412 3388 560 3468 opulentus
580 3394 655 3462 eret,
686 3407 795 3469 unoque
817 3409 877 3450 cum
908 3395 999 3473 ceptis

126 3511 195 3554 oves
222 3509 334 3571 quoquc
347 3491 464 3566 -elebot3
502 3489 616 3571 pnupcri
642 3491 746 3552 Mureti
771 3491 871 3552 colono
892 3494 997 3554 Simulo
