2412 4028
205 299 253 361 30
461 279 614 340 naboan
637 277 672 336 n.
696 280 850 338 an-ae,

207 453 272 513 mibi
299 449 420 534 legavit,
454 447 555 528 quippe
581 445 760 526 dignissimo,
797 442 845 521 qui
871 441 900 534 id
926 439 1104 518 exciperem,

184 555 281 634 quod
312 572 400 633 aegre
431 550 541 608 ferebat
572 549 709 625 Amyntas
741 561 891 625 arrogans.
948 543 1102 620 Syrinae,

208 656 281 726 sive,
303 653 378 732 quod
399 651 532 712 Tibullus
553 651 588 721 ΙΙ,
612 653 641 718 5,
664 655 702 708 at
726 644 841 704 cecinit:
1086 651 1092 660 ·

181 771 182 776 ’
260 752 389 832 distata,
407 766 448 818 cui
465 778 567 833 semper
583 761 710 816 decrescit
726 758 857 812 arundinis
874 757 951 820 ordo;
1043 793 1049 798 .

324 852 392 904 Nam
409 852 521 902 calamus
537 865 598 900 cera
611 847 729 912 jungitur
746 859 828 913 usqne
844 842 944 894 minor:

126 961 129 968 '
209 954 292 1014 etiam
318 953 471 1013 senioribus
492 951 663 1030 temporibus
689 949 764 1007 inter
785 963 957 1007 communem
978 941 1104 1022 supelle-

208 1056 309 1115 ctilem·
322 1062 465 1134 pastorum
487 1060 549 1112 erat
571 1051 708 1110 Graeciae
730 1055 760 1108 et
780 1047 867 1118 Latii,
889 1044 1049 1124 disparibus
1071 1049 1106 1102 et

209 1157 396 1216 crassitudine
430 1163 459 1216 et
489 1153 668 1234 longitudine
699 1149 829 1220 calamis,
862 1147 910 1225 qui
940 1165 978 1206 ex
1006 1145 1105 1204 cicuta

209 1277 310 1335 saepe,
341 1264 404 1328 aut,
441 1255 516 1333 qued
543 1253 618 1331 apud
645 1237 826 1330 Calpurnium
848 1249 901 1319 ΙΙ,
923 1254 965 1308 74
993 1253 1054 1316 est,
1085 1265 1104 1304 e

210 1357 286 1415 buxo
313 1357 428 1415 fiebant.
470 1355 514 1412 Ad
545 1352 774 1432 simplicissimum
802 1356 913 1408 cantum
942 1348 1103 1408 silvestrem

209 1457 268 1516 linc
299 1463 328 1516 et
360 1475 426 1515 cera
452 1455 556 1512 Pollux
588 1453 710 1512 calamos
735 1453 852 1531 junctos
882 1449 971 1508 fuisse
998 1448 1103 1519 tradit3

211 1577 258 1616 ars
279 1563 377 1626 auem,
399 1555 440 1613 uti
461 1555 557 1632 Lyrae
578 1551 665 1624 fides,
687 1553 728 1610 ita
748 1551 860 1610 listulae
881 1569 987 1610 cannas
1008 1549 1103 1620 auxit,

173 1686 175 1690 v
210 1676 283 1735 quoe
303 1655 458 1714 fabricatae
479 1655 643 1736 diligentius
665 1660 695 1713 et
715 1652 888 1714 vinculorum
901 1650 1012 1710 circulis
1032 1669 1103 1708 eon-

210 1757 342 1828 strictac‚
365 1757 497 1835 aequales
518 1775 617 1834 supra,
640 1755 801 1834 inaequales
822 1752 897 1812 inim
917 1759 1015 1823 erant,
1036 1751 1104 1812 alae

210 1857 309 1917 instar.
351 1859 396 1916 Ad
428 1857 621 1937 simpliciorem
655 1855 730 1915 illam
756 1855 826 1914 baec
852 1853 992 1913 Martialis
1018 1853 1103 1924 XlV,

212 1967 251 2021 63
273 1958 430 2038 pertinent:

166 2114 169 2124 .
279 2075 349 2130 Quid
365 2091 407 2126 me
424 2079 581 2141 compactam
599 2071 664 2124 ceris
682 2077 708 2124 et
725 2069 850 2123 arundine
866 2069 956 2122 rides?

329 2159 402 2212 (tuae
419 2157 529 2224 primum
545 2160 642 2208 structa
658 2161 698 2208 cst
713 2154 814 2220 fistula,
832 2155 890 2208 talis
907 2159 971 2208 erat.

211 2261 356 2340 Ejusmodi
382 2260 502 2338 aliquam
529 2259 612 2318 trium
640 2248 820 2330 arundinumss
856 2277 941 2328 aava
955 2275 1103 2338 carcenos

211 2359 363 2436 δονακας,
390 2361 530 2440 Daphnidi
557 2362 731 2420 Theocritus
756 2359 854 2418 tribuit
875 2360 973 2440 Epigr.
997 2361 1037 2431 ΙΙ,
1061 2370 1102 2431 3.,

211 2464 259 2522 ubi
280 2481 412 2540 τρητους
433 2462 590 2520 emendatio
607 2451 736 2519 Salmasii
759 2461 893 2520 audacior
914 2468 967 2519 est.
1011 2461 1043 2519 Si
1064 2481 1104 2519 ex

211 2569 322 2622 cicuta
343 2573 466 2638 septem
486 2564 609 2620 calami
630 2560 745 2632 flebant,
767 2561 851 2620 etiam
872 2561 946 2619 inter
967 2561 1103 2620 artifieio-

211 2663 303 2722 siores
324 2669 484 2720 numeratas
504 2661 638 2722 videmus.
682 2663 831 2721 Theocriti
853 2663 962 2740 quldem
984 2661 1013 2720 in
1025 2663 1102 2735 vm,

213 2771 252 2824 18
281 2783 333 2842 par
358 2763 528 2822 aemulorum
556 2771 638 2821 cantu
672 2763 899 2822 contendentium
927 2765 962 2822 de
988 2769 1103 2826 novies

211 2867 318 2924 cocali
339 2863 494 2923 arundinea
514 2862 610 2922 fistula
630 2864 784 2944 gloriatur:

276 2979 392 3044 Fistula,
412 2993 488 3046 quam
506 2977 595 3028 novies
613 2980 727 3030 vocalem
744 2979 794 3032 feci
813 2995 862 3045 ego
880 2979 1024 3046 pnlclna1o3

277 3062 395 3116 Candida
411 3077 471 3113 cera
487 3077 565 3129 supra
581 3061 657 3113 simul
675 3067 727 3129 est,
746 3063 822 3116 sirnul
838 3063 933 3116 addita.
943 3069 969 3116 et
984 3063 1059 3116 intra.

211 3165 344 3225 Nummus
373 3167 568 3243 Syracusanus
600 3165 776 3226 landolinae
783 3210 791 3240 ,
830 3167 888 3226 Viri
920 3167 1101 3237 Gravissimi,

212 3269 291 3348 eujus
318 3268 464 3326 ltlunterus
491 3267 555 3324 mibi
586 3263 723 3348 [amicus]
753 3269 971 3348 descriptionem
996 3267 1102 3346 pictam

212 3367 422 3428 communicavit
453 3364 568 3447 (exstat
599 3389 709 3449 quoque
737 3370 764 3428 in
793 3370 925 3428 Bibliotb.
956 3369 1101 3428 literarum

211 3477 334 3533 veterum
357 3476 386 3529 et
407 3469 476 3528 ortis
498 3478 517 3531 9
540 3470 640 3552 fusa),
662 3473 690 3531 in
713 3472 803 3530 altera
823 3478 904 3550 parte
925 3472 1022 3530 Panos
1043 3468 1102 3529 lert
