2280 4022
182 273 254 338 m
370 312 374 319 ,
420 259 597 326 ,ECLOGA
618 259 653 318 V.
667 263 824 322 ·74-8o.

253 429 389 482 Tellurem
407 443 501 496 porco,
519 425 654 479 Silvanum
670 426 739 480 lacte
754 424 874 493 piabant:

138 519 139 526 ’
252 512 375 566 Floribus
394 517 419 566 et
435 509 496 565 rino
512 509 639 575 Genium,
657 525 798 564 memorem
816 507 902 565 brevis
920 505 989 562 acri.

184 619 267 678 Nunc
295 625 426 697 pastores
457 634 569 696 quoque
595 627 647 692 p'ro
676 613 744 673 dato
765 612 895 692 pastione
917 609 1075 691 Nymphis

187 718 384 780 sacrificabant
406 717 449 788 id,
472 717 546 796 quod
567 715 611 776 vel
633 715 839 776 Ambarvalium
867 714 930 786 die,
958 715 1007 774 vel
1025 714 1075 772 Pa·

186 821 279 882 lilibus
298 817 414 884 ,circiter
435 818 507 876 idem
530 824 640 897 tempus
667 813 707 895 (a.
731 817 758 876 d.
781 816 822 874 ΧΙ
844 816 906 876 Cal.
928 813 1015 898 lllaj.)
1037 835 1075 876 cu·

187 921 318 991 lobretis,
340 927 509 992 voverant.
554 919 723 998 Calpurnius
746 919 786 992 ll,
808 925 864 979 63:

256 1037 341 1104 Saepe
358 1033 427 1088 cedit
443 1033 519 1088 festis
536 1033 631 1086 devota
647 1032 772 1086 Palilibus
782 1049 866 1100 ¹agua.

188 1141 323 1222 Nymphis
345 1137 557 1200 sacrificabatur
578 1139 624 1198 loc
645 1144 675 1220 et
696 1139 803 1209 oleum,
826 1137 968 1197 interdum
990 1137 1073 1198 riuum

190 1251 220 1304 et
240 1241 340 1314 flores,
368 1239 431 1300 ficri
457 1261 569 1320 quoque
596 1247 733 1320 poterat,
754 1247 786 1300 ut
813 1239 876 1301 oris
905 1239 951 1300 vel
981 1257 1073 1320 aguas,

59 1338 60 1346 Ι
115 1399 116 1406 ,
190 1365 276 1424 capra
305 1343 350 1404 vcl
381 1343 502 1402 haedus:
532 1343 658 1402 Thabor.
688 1343 723 1414 V,
756 1349 811 1414 11,
840 1347 895 1416 53,
921 1347 992 1402 149.
1015 1341 1074 1398 llor.

82 1441 89 1456 '
191 1446 244 1504 0d.
267 1446 322 1516 ΙΙΙ,
356 1453 406 1504 13.
434 1443 619 1504 uvicione
641 1445 695 1516 ΙΙΙ,
725 1451 797 1505 300.
824 1445 872 1504 ,lo
895 1462 1021 1502 errorem
1040 1441 1074 1498 iu·

192 1547 268 1608 ducti
289 1552 457 1624 propterea,
480 1544 554 1622 quod
575 1567 602 1606 v.
629 1552 671 1606 70
698 1552 765 1605 autc
786 1541 880 1604 focum
903 1543 1074 1604 domesticum

192 1645 382 1718 sacrificatur,
418 1665 520 1724 resque
547 1645 663 1705 Siciliae
691 1653 810 1727 agatur,
837 1652 920 1717 suut,
958 1644 1005 1724 qui
1030 1643 1074 1702 buc

119 1753 123 1760 '
192 1745 298 1809 festum
326 1747 471 1826 quemdam
500 1741 661 1808 *Siculorum
689 1748 760 1808 diem
783 1748 885 1806 Athen.
909 1746 963 1821 Vl,
998 1756 1032 1807 13
1052 1766 1073 1824 p.

179 1855 266 1933 150,
279 1869 303 1910 a
325 1849 452 1920 trabant,
475 1868 530 1927 quo
553 1855 638 1908 noctu
654 1849 788 1928 Nymphis
810 1849 839 1909 iu
861 1847 990 1909 domibus
1002 1845 1073 1908 ebriis

194 1951 392 2012 saltationibus
405 1970 487 2010 sacra
501 1949 618 2008 fiebant.
652 1951 713 2021 Te,
725 1949 864 2028 llapboi,
887 1969 985 2010 omncs
996 1950 1073 2008 Ilouu

193 2054 353 2124 habebunt,
376 2053 440 2112 dum
460 2056 620 2114 universa
645 2051 856 2112 maturuerit.
900 2051 981 2111 llaec
1000 2071 1017 2110 a
1035 2069 1074 2129 pu·

195 2163 273 2216 storc
295 2153 488 2214 considerata:
512 2155 621 2212 saltu
644 2152 719 2232 pleni
740 2151 879 2224 ferarum,
906 2150 986 2214 fluvii
1012 2149 1074 2232 pleni

195 2254 327 2338 piscium,
363 2257 471 2315 ualles
510 2261 540 2314 et
574 2254 648 2339 horti
675 2254 750 2334 pleni
780 2273 861 2333 apum
889 2251 944 2313 Lb.
983 2253 1028 2328 ΙΙ,
1052 2259 1074 2321 t,

196 2363 277 2438 agri
307 2378 369 2417 cum
397 2357 520 2418 arbustis
541 2356 616 2438 pleni
638 2355 796 2428 cicadarum
819 2355 859 2426 ll,
890 2363 940 2416 13.
964 2357 1015 2415 Lb.
1035 2353 1074 2422 ΙΙΙ,
1129 2435 1130 2440 ¹

197 2469 268 2522 328.
312 2458 471 2517 Grandiore
493 2441 554 2516 som
577 2457 688 2522 ratione
703 2457 793 2515 ,beros
813 2457 969 2527 Aeneasiu
987 2465 1074 2516 terrsu
1129 2459 1130 2476 ³

197 2567 227 2618 ct
253 2558 378 2629 coelum,
406 2558 536 2636 illamque
554 2557 677 2624 vicissim
689 2559 717 2617 iu
734 2559 822 2618 maria
833 2579 870 2618 ex
886 2559 1000 2637 aquosis
1020 2577 1075 2616 cou-
1129 2561 1130 2582 ¹

196 2657 329 2728 vallibus,
347 2665 381 2715 et
396 2664 507 2716 montes
519 2657 597 2720 silvis
610 2660 717 2720 obsitos
726 2660 946 2720 occubitum.
967 2661 991 2733 Ι,
1012 2663 1075 2722 607:
1129 2725 1130 2738 χ

265 2771 378 2844 lutreta
396 2773 457 2826 dum
473 2773 545 2828 llurii
563 2781 681 2842 current,
699 2776 760 2828 dum
777 2775 909 2830 montibus
927 2778 1030 2830 umbrae

201 2869 202 2872 ’
264 2859 424 2912 Lustrabunt
441 2874 572 2926 convexa,
591 2862 666 2930 polus
684 2861 744 2913 dum
762 2861 848 2925 sidera
864 2866 963 2930 pascet.

198 2964 266 3024 Feri
302 2985 384 3038 sues,
419 2963 631 3054 Aristotelesl)
664 2964 768 3044 iuquit,
807 2966 836 3026 iu
864 2965 935 3026 locis
971 2961 1076 3024 maxime

198 3066 283 3127 iuriis
315 3067 442 3145 pariunt,
473 3067 501 3126 iu
530 3066 686 3146 dejectibus
707 3065 924 3148 praecipitibus,
953 3063 1075 3147 specubus

75 3167 78 3178 '
201 3174 230 3226 et
251 3166 400 3226 fruticetis.
444 3168 490 3226 Ex
501 3169 595 3244 flore
615 3165 718 3248 thymi
737 3166 799 3251 ⁶⁶),
832 3190 901 3251 prae
922 3189 978 3250 quo
999 3180 1074 3240 apel,

199 3297 402 3310 ——a—

169 3431 175 3441 s
270 3382 309 3456 ⁶)y
332 3382 412 3438 Arist.
430 3382 456 3436 h.
475 3400 498 3436 a.
517 3385 568 3450 Vl,
587 3336 629 3440 28..

271 3483 315 3552 ⁹⁶)
349 3483 418 3538 Ptin.
436 3486 487 3551 XI,
506 3485 547 3540 14.
