2340 4036
202 307 270 368 {6ss
450 295 605 356 achaea
627 296 673 358 ll'.
700 303 849 357 11-17.

96 509 99 514 .
202 463 334 537 consule,
355 463 464 537 Pollio,
492 485 581 544 puero
604 465 672 523 Tuo
694 461 762 523 nato
784 483 841 526 ver·
857 483 971 523 aureum
1000 465 1089 548 magui

203 565 269 626 anni
298 565 430 624 mundani
457 566 577 636 redibit,
613 573 642 624 et
669 567 739 624 ordo
766 586 932 646 magnorum
961 567 1089 626 mensium

201 667 404 726 mundanorum
436 667 496 728 sive
530 645 706 725 saeculorum
740 667 808 725 orbe
836 667 997 728 iterabitur.
1048 667 1088 726 'le

203 768 274 826 duce
295 749 478 845 lacrymosum
500 768 601 826 bellum
624 767 721 839 civile,
751 769 825 846 quad
847 769 885 826 dii
907 769 989 827 nobis
1011 767 1088 826 immi·

203 875 300 926 serant
327 869 363 927 ad
396 871 509 927 multum
543 869 728 950 sanguinem,
758 873 840 952 'quem
872 869 1087 948 profuderam,

202 969 391 1030 ulciscendum
412 971 573 1050 plerumque
601 971 771 1030 exstinctum
793 977 852 1043 est3
881 977 911 1030 te
939 973 1012 1032 duce
1032 970 1088 1030 reli·

204 1091 260 1149 qua
282 1091 394 1152 quoque
416 1073 551 1152 pristinae
578 1071 729 1150 impietatis
756 1071 880 1152 vestigia
909 1079 1086 1134 evanescent:

204 1179 237 1232 ut
259 1173 375 1252 expiato
404 1175 432 1232 in
460 1175 562 1233 mundo
590 1173 680 1245 filius,
713 1161 857 1231 meliorum
879 1175 1020 1234 bominum
1041 1173 1087 1254 pri·

204 1273 314 1346 mitiae,
345 1275 465 1334 divinam
487 1295 547 1334 cum
570 1275 622 1334 diis
645 1281 675 1333 et
696 1274 776 1332 simul
804 1274 878 1332 natis
900 1276 1033 1334 heroibus
1052 1273 1085 1335 vi·

205 1382 262 1454 tam
285 1383 401 1434 acturus
424 1383 454 1434 et
481 1377 516 1434 ad
532 1373 723 1456 'amplissimos
755 1377 862 1456 gradus
889 1377 1029 1437 bumanae
1053 1375 1086 1432 di-

205 1473 325 1558 gnitatis
345 1477 532 1538 adscensurus
553 1479 599 1537 sit.
624 1512 663 1523 -
706 1474 892 1536 Decochoc
914 1484 1007 1551 aevi,
1029 1479 1087 1535 baec

204 1577 328 1636 felicitas
349 1579 507 1638 mundanae
529 1575 778 1659 appropinquantis
803 1579 916 1638 aetatis.
958 1579 1085 1647 Aevom,

135 1739 139 1743 ,
205 1679 435 1758 quemadmodum
463 1680 551 1752 αἷων,
585 1687 693 1759 tempus
726 1687 770 1740 est
799 1681 843 1742 vel
872 1680 1023 1740 diuturnae
1050 1675 1086 1740 vel
1145 1672 1146 1681 ’

206 1780 393 1859 sempiternae
405 1781 611 1860 perpetuitatis.
653 1781 752 1842 loire
774 1782 854 1842 deest
875 1801 1025 1854 cursum,
1050 1798 1086 1837 cr·

206 1880 274 1954 diri;
307 1890 513 1960 pervetustum,
549 1903 601 1963 pro
619 1867 781 1961 Ιἑηὲνεαῑὶ,
812 1881 1086 1950 eedem'reticentia3

205 1982 382 2062 participium
410 1989 519 2044 iniens
547 1984 651 2042 diutius
672 1985 783 2045 mansit.
826 1985 951 2062 Magni
971 1997 1086 2044 menaea

205 2083 225 2142 i.
247 2103 274 2161 q.
296 2105 322 2144 v.
346 2089 364 2144 6
387 2104 530 2162 maguus
552 2086 632 2143 ordo
650 2088 851 2158 saeclorum,
874 2087 971 2144 decem
994 2089 1086 2166 partes,

206 2182 235 2240 ln
257 2203 326 2261 quas
341 2184 448 2262 Sibylla
464 2205 565 2243 annum
576 2186 743 2244 mundanum
754 2187 959 2265 descripserat3
982 2185 1086 2264 magui

205 2287 320 2366 proprie
341 2287 453 2346 dictum.
497 2286 634 2364 Bellum
657 2290 755 2348 civile
775 2287 920 2369 Georgica
942 2306 1051 2367 quoque
1068 2282 1085 2357 l,

208 2391 269 2448 502
303 2395 332 2447 et
360 2390 496 2448 Horatius
524 2390 577 2447 (ld.
607 2389 634 2460 l,
669 2397 686 2451 2
715 2389 804 2467 Epod.
833 2397 862 2461 7,
891 2397 931 2450 16
959 2395 1087 2466 tamquam

208 2491 294 2547 luem
319 2495 462 2567 pristim·
490 2493 628 2548 sceleris
656 2491 859 2564 lamentantur,
888 2491 964 2569 quod
991 2489 1026 2549 ad
1046 2504 1087 2544 ex·

207 2587 338 2668 piandum
365 2589 476 2669 Jupiter
503 2591 663 2650 misericors
689 2592 743 2652 vel'
762 2579 919 2670 Apollinem
947 2591 1032 2649 lilium
1050 2583 1088 2648 ael

207 2690 291 2749 alium
319 2693 409 2751 Deum
438 2693 573 2750 Romanis
596 2691 744 2772 propitium
766 2692 811 2752 vel
833 2693 907 2772 pium
929 2695 1087 2773 Augustum,

208 2791 310 2872 quippe
331 2794 412 2853 deum
433 2795 554 2853 bumana
576 2795 684 2872 specie,
707 2793 841 2875 gentibus
859 2813 947 2873 prope
964 2787 1088 2872 depositis

208 2893 243 2953 de
265 2896 345 2956 coelo
368 2895 514 2954 demittere
535 2894 612 2955 velit.
656 2896 752 2967 Nunc,
775 2914 858 2973 quum
875 2894 991 2954 libertas
1010 2893 1088 2953 adbuc

208 2995 398 3067 restituenda,
430 3015 526 3074 parum
554 2993 650 3054 futura
677 2995 825 3056 Octaviani
860 2995 1014 3054 dominatio
1047 3009 1088 3062 ex·

208 3100 400 3174 spectaretur,
433 3095 573 3155 libertatis
606 3095 734 3155 studioso
775 3097 893 3176 amplum
927 3091 1089 3176 expiationis

208 3216 308 3255 munus
337 3197 435 3256 Asinio
462 3197 586 3258 Pollioni
612 3203 698 3278 poeta
724 3197 836 3286 tribuit:
878 3198 936 3276 qui.
952 3205 1089 3272 utramque

208 3297 326 3373 Antonii
347 3305 377 3357 et
398 3299 546 3362 Octaviani
567 3305 752 3379 potestatem,
781 3299 816 3358 ob
838 3305 1028 3379 pervetustum
1047 3313 1089 3374 pa·

209 3399 267 3478 puli
288 3400 410 3480 culpam,
433 3403 523 3480 quod,
545 3401 683 3462 neminem
703 3401 847 3473 laesurus,
867 3407 955 3482 podta
978 3395 1089 3463 simulat

209 3502 366 3562 discordem
377 3502 495 3572 factam,
518 3504 600 3561 modo
617 3509 784 3582 pacaverat,
807 3509 851 3574 et,
874 3501 954 3580 quasi
966 3495 1091 3561 sacerdos
