2382 4016
231 268 275 330 ⁷0
348 253 352 264 ·
464 258 616 340 ucnocu
636 259 696 330 vu,
719 263 863 320 21—24.

227 428 446 509 conjungentes,
468 434 556 487 ortem
576 426 669 506 potins
690 445 771 506 quem
790 433 878 487 semet
899 431 1037 507 spectent.
1059 459 1106 476 ·-

227 527 422 601 Libethra-r,
445 525 620 600 Libethra,
642 525 834 588 Libethrum
851 549 979 608 quoque,
1000 529 1105 589 infle-

227 631 319 690 lieone
340 636 432 688 monte
454 628 518 688 fons
539 630 612 688 cntri
633 629 790 700 dicebatur,
805 628 885 688 ¹fonti
906 631 1014 690 cuidem
1039 632 1106 691 Me-

228 731 362 791 cedonico
389 731 579 811 cognominis,
611 731 684 790 untle
710 739 822 792 veteres
848 733 978 791 Threces
1009 733 1109 793 11555-

228 852 288 890 rum
310 832 410 890 cultum
432 831 460 888 in
483 831 628 890 Boeotium
649 833 806 891 detulerant
827 833 878 903 Vl,
915 841 963 894 1³.
985 835 1109 894 Musae

230 933 332 994 Graeci
362 933 469 1012 antiqui
490 929 657 1012 Nymphae
680 934 791 992 omnino
818 932 936 992 sontium
962 925 1108 1014 lymphon-

229 1035 298 1094 tium
319 1035 462 1106 dicebant,
494 1054 609 1114 quorum
635 1035 733 1094 latices
759 1033 874 1094 fatidico
897 1043 994 1094 terrae
1016 1038 1106 1096 55155-

229 1137 281 1196 litu
307 1137 406 1216 repleti
433 1156 496 1196 cese
516 1136 680 1196 videbantur
705 1134 759 1206 lll,
787 1141 836 1198 85.
857 1136 902 1208 X,
932 1145 960 1196 1.
985 1145 1031 1197 10.
1052 1143 1105 1200 55.

230 1240 302 1298 11155
323 1238 457 1300 uomodo
480 1237 631 1308 montibus,
653 1257 722 1315 quoe
736 1239 835 1298 Museo
854 1238 997 1310 habitent,
1019 1247 1051 1298 et
1072 1240 1107 1299 tle

228 1339 354 1400 fontibus
381 1347 411 1398 et
437 1340 472 1398 de
498 1359 612 1398 numero
642 1321 763 1418 ipsorum
791 1339 926 1398 narratio.
978 1340 1107 1400 Celebris

149 1483 151 1488 -
230 1441 353 1500 carmine
374 1447 519 1519 postquem
540 1441 718 1502 novenarium
735 1437 875 1500 Musarum
898 1459 1041 1500 numerum
1058 1442 1106 1500 ‹le-

229 1540 393 1613 finiverunt,
426 1540 644 1600 secernebeotur
669 1559 730 1600 cum
756 1541 818 1600 eliis
842 1539 1005 1620 Nymphis
1023 1545 1104 1621 lyn-

227 1640 406 1718 phaotibue
425 1636 636 1700 'Libethrides
663 1660 772 1720 quoque
798 1641 877 1724 qussi
903 1643 1038 1721 quaedam
1063 1643 1104 1702 in-

230 1742 343 1803 ferioris
364 1742 469 1800 ordinis
490 1741 529 1813 X,
552 1750 585 1814 13
602 1741 657 1802 ,sed
677 1761 733 1800 non
751 1743 792 1802 its
807 1750 915 1814 tomen,
937 1750 1041 1803 utnon
1056 1745 1104 1804 oli·

231 1845 342 1924 quondo
363 1844 505 1922 Nymphae
531 1862 591 1902 cum
612 1842 701 1902 Musis
729 1843 884 1922 permixtae
904 1843 1020 1906 tuerint.
1058 1847 1103 1906 Au

230 1947 370 2028 Nymphas
391 1945 499 2024 quidem
520 1951 646 2023 pastores
668 1944 815 2004 Theocriti
835 1947 869 2017 V,
892 1952 963 2008 149.
984 1947 1100 2019 1111,θῖ
1173 1971 1174 1984 ¹

232 2049 351 2108 onimum
372 2065 451 2106 suum
467 2052 609 2124 occeptum
624 2043 764 2119 referuut3
786 2037 941 2126 auctorque
961 2055 1005 2108 est
1023 2055 1100 2110 retus

232 2150 385 2228 interpres,
415 2149 512 2206 Muses
538 2147 593 2206 isto
621 2145 730 2204 nomine
750 2167 768 2204 5
787 2146 876 2225 Lydis
902 2149 1004 2208 vocori.
1043 2149 1096 2208 llo·

232 2251 345 2330 tychius
368 2268 477 2329 quoque
497 2248 650 2326 Nymphas,
671 2248 866 2320 lllusescssc,
894 2248 1097 2330 interpretetur.

234 2339 277 2412 lle
298 2351 430 2430 Nymphis
458 2367 567 2410 555555
594 2349 623 2408 in
644 2347 797 2428 Apollinem
822 2350 896 2428 opud
922 2351 1095 2431 Porphyrium

235 2448 286 2530 (im
307 2463 395 2514 antr-
415 2447 568 2530 Nymph.)
591 2449 671 2508 dicit:

434 2578 576 2630 Animantis
593 2579 637 2631 sed
654 2595 736 2646 aquae
751 2578 797 2632 tibi
812 2578 897 2634 tontes

434 2663 556 2714 Struxere
571 2664 676 2730 puellae¹
686 2663 824 2717 residentes

434 2747 580 2813 specubus,
601 2746 702 2799 flatibus
719 2747 794 2800 alitae
810 2754 904 2815 terroe,

435 2831 531 2884 Cantus
548 2831 579 2882 ad
596 2846 684 2896 vocem
701 2831 820 2886 divinam.

236 2991 317 3049 llcocl
342 3007 423 3048 secus
449 2986 522 3065 apud
542 2985 726 3067 Augustinum
756 2986 791 3046 ele
817 2987 921 3047 musico
945 2989 983 3050 lll
1000 2986 1090 3048 lima
1167 3009 1168 3019 ¹

235 3090 315 3171 queri
335 3089 477 3168 Nymphae
496 3087 685 3165 Hippocrenes
705 3085 792 3162 sontis
812 3087 981 3150 salutentur:

483 3220 521 3270 lte
536 3215 628 3282 igitur,
651 3217 804 3283 Gamoenee,

483 3299 635 3367 Fonticolse
646 3302 755 3366 puellae,

484 3385 557 3438 eme
573 3381 662 3434 cerulis
678 3384 725 3435 sub
741 3385 822 3438 antri}

483 3463 619 3518 uotiuum
635 3453 753 3529 sonorem
