2340 4036
192 299 244 364 aa·
441 275 595 352 actaea
619 289 665 348 ra
690 293 837 354 ear-er.

94 498 97 507 ·
193 457 260 518 anni
275 457 411 529 edantur;
434 455 564 523 Quintilii
577 453 606 536 ⁰)
629 475 691 515 eom
707 455 862 514 Aristotele
878 454 940 532 ipso
962 452 991 510 in
1008 473 1093 514 mea-

193 559 270 618 sibus
295 557 385 637 Aprili
410 565 439 616 et
462 558 559 636 blojo,
581 563 614 614 ut
635 563 731 636 partus
757 555 913 614 Februario
936 571 1036 612 mense
1061 562 1094 613 et

193 659 296 720 biartio
317 657 445 727 eveniam
481 669 524 728 et,
553 657 601 716 abi
624 656 698 716 laete
721 656 846 726 vivatur,
874 653 984 714 Plinius
1007 653 1093 724 dieit,

101 757 104 762 ’
193 757 416 835 omnitempore
439 757 505 816 anni
525 758 669 816 curarint
690 755 786 816 suetae
809 757 895 818 boves
917 754 985 812 siut.
1039 752 1093 816 Vc·-

194 861 260 920 oali
280 857 463 918 secluduntur
484 877 502 915 a
524 856 633 934 reliquo
658 875 766 937 grege,
792 863 837 928 et,
875 873 959 934 quaem
980 862 1092 914 mauu

195 960 303 1018 domum
323 956 473 1016 reveniunt
498 957 542 1018 vel
566 977 648 1034 quum
671 957 699 1016 in
723 963 975 1034 pestanensem,
1002 975 1091 1014 manr-

194 1066 394 1139 mas'sugunt3
425 1063 575 1116 auctumno
597 1076 654 1130 aaa
679 1075 742 1118 eum
767 1057 902 1138 matribus
923 1063 1091 1134 pascuntur.

197 1162 318 1232 vocem,
341 1159 405 1220 dam
426 1178 557 1222 mammas
580 1157 729 1236 praebent,
750 1159 902 1234 mulgere
921 1175 939 1216 a
960 1155 1090 1234 patribus

195 1261 327 1326 traditum
356 1267 432 1329 erat,
470 1277 551 1335 quem
582 1279 686 1318 onorem
715 1256 815 1319 novitii
841 1257 1090 1335 reprehendebant

195 1361 249 1420 Lb.
270 1362 329 1432 ΙΙΙ,.
342 1367 411 1420 176.
453 1359 625 1430 Malctrn,
649 1360 826 1418 mulctrale
847 1343 877 1416 et
897 1359 1091 1429 nomem,

69 1485 79 1500 ·
195 1481 246 1523 vas
263 1460 298 1520 ad
319 1458 507 1538 mulgendom.

281 1565 426 1622 32-34.
470 1559 622 1638 Caprarius
638 1579 802 1638 quamquem
823 1565 973 1638 tantopere
991 1577 1025 1616 se
1042 1577 1089 1617 ar·

196 1669 253 1720 tem
274 1659 430 1719 Damoetae
456 1659 601 1738 despicere
624 1659 786 1731 simulabat,
821 1666 913 1720 maren
937 1660 973 1718 de
993 1679 1089 1741 grege

197 1780 249 1820 suo
268 1780 320 1838 par
338 1759 441 1840 pignus
456 1760 616 1820 certaminis
629 1757 657 1817 ia
679 1759 827 1820 diseriuren
843 1760 1018 1820 committere
1036 1761 1089 1820 du-

198 1861 278 1920 bitat.
319 1860 434 1918 Patrem
451 1861 533 1932 enirn,
555 1862 602 1938 qui
620 1860 755 1921 minorem
769 1859 885 1920 fundum
897 1861 1088 1933 conduxerat,

198 1961 314 2040 quique,
348 1967 380 2022 ut
401 1961 464 2020 aliis
488 1961 619 2040 operibus
636 1961 750 2020 rusticis
769 1968 901 2032 voearet,
934 1959 1023 2022 filiam
1039 1981 1088 2022 ea·

198 2082 264 2141 pros
288 2079 405 2140 pascere
422 2062 563 2140 jusserat,
596 2082 659 2120 oum
679 2061 764 2139 impia
785 2068 815 2120 et
842 2081 943 2124 severa
962 2081 1088 2124 noverea

198 2162 249 2220 beo
273 2161 398 2238 quotidie
427 2181 515 2238 penas
545 2179 706 2230 inumerare,
745 2179 801 2220 nou
828 2169 935 2222 tantum
963 2163 1085 2241 vesperi,

198 2281 281 2342 quum
305 2262 415 2320 domurn
440 2261 558 2320 redeunt
577 2261 630 2320 Lb.
653 2261 705 2332 lV,
734 2269 810 2334 43³,
841 2263 906 2334 sed,
928 2263 1003 2342 quod
1024 2263 1087 2322 diii·

178 2364 301 2443 ‘gentes
317 2359 533 2440 patresfamilias
554 2360 650 2421 faeere
671 2362 814 2434 solebant,
837 2363 921 2422 etiam
939 2383 1034 2435 nrane3
1058 2371 1087 2423 et

198 2463 364 2524 altemtrum
394 2479 544 2522 recensere
573 2463 708 2525 minorem
739 2481 882 2522 numerum
907 2463 1087 2542 capellarum.

197 2561 351 2636 rosata,
372 2559 483 2638 raquo,
505 2561 625 2620 innita.
668 2548 773 2622 rasas
795 2571 859 2642 poa
881 2567 967 2626 aaut
988 2565 1088 2626 rnna

198 2669 260 2730 tur,
281 2678 445 2738 quamquam
461 2661 604 2722 anatomia
620 2681 709 2740 usque
725 2664 761 2722 ad
774 2676 876 2741 pater
896 2665 1088 2726 eontinentur.

198 2761 260 2820 iioe
284 2760 394 2820 rariore
422 2761 614 2823 inconstantia
636 2763 754 2836 aeeidit,
782 2765 1013 2842 quemadmodum
1039 2767 1086 2838 Vl,

200 2868 249 2933 66,
264 2879 323 2939 qua
342 2860 454 2920 minime
471 2861 607 2934 efficitur,
637 2872 669 2922 ut
688 2865 795 2952 nostris
811 2865 966 2926 bominibus
987 2887 1088 2928 versus

199 2981 366 3040 componere
383 2961 482 3033 liceat,
503 2962 549 3041 qui
569 2965 727 3042 spondaeos
746 2974 775 3026 et
797 2966 926 3044 dactylos
947 2966 977 3026 in
1000 2968 1088 3028 tertio
1128 3044 1133 3055 ·

199 3063 256 3122 ietu
277 3063 467 3122 individuos
487 3064 624 3136 babeant,
647 3067 721 3143 quod
742 3085 847 3148 genus:

199 3158 422 3224 Sobbngemessae
436 3161 515 3212 Bewe
526 3160 645 3230 {grangen
668 3162 752 3218 fodent
774 3164 820 3216 der
838 3165 903 3216 Vere
920 3162 967 3215 des
980 3164 1087 3232 Apollo.
1167 3153 1168 3220 l

142 3259 146 3268 ’
199 3263 258 3322 Sed
282 3269 361 3320 reete
387 3282 485 3322 versus
511 3265 643 3326 adbibere
669 3267 767 3338 licent,
801 3267 849 3346 qui
874 3267 1010 3328 dividuo
1035 3267 1088 3328 ibi·
1167 3353 1168 3356 Ἴ

200 3394 401 3408 -n—-u-—u

148 3509 151 3521 ι
267 3475 294 3544 “)
329 3477 359 3528 ln
377 3478 534 3548 Geopoaioir
549 3479 606 3536 sive
622 3480 656 3534 de
672 3493 702 3534 ra
718 3480 814 3534 ruane
830 3482 912 3548 xva,
929 3481 957 3534 5·
