2280 4022
171 317 237 379 roo
419 309 573 369 soncos
594 309 642 366 rv.
666 311 812 383 cs-so.

169 475 219 532 sed
246 475 282 534 ad
310 495 371 534 eam
399 475 501 534 mentia
536 475 704 548 sanitatem,
733 476 844 554 qualem
877 475 1016 534 Horatius
1046 479 1058 534 Ι

169 575 221 634 0d.
244 585 294 647 ³¹,
318 585 375 636 17:

235 705 300 758 Frui
317 707 414 774 paratis
432 713 458 759 et
474 705 559 760 valido
577 705 649 772 milri,

235 791 333 854 Latoe,
352 792 446 856 dones,
465 796 504 856 et,
523 807 630 858 precor,
648 790 751 856 integra

303 875 369 928 Cum
387 881 487 937 mentm
504 891 553 926 nec
570 881 672 942 turpem
689 879 819 928 senectam

204 970 206 975 ’
267 958 385 1024 Degere,
403 975 452 1010 nec
469 957 566 1010 cithara
582 965 722 1013 carentem.

167 1063 335 1138 Speremus,
374 1074 503 1142 quanta
531 1063 605 1136 ejus
636 1083 721 1138 pars
747 1061 869 1122 sufficiet
897 1063 934 1120 ad
952 1066 1056 1136 facta

168 1164 325 1241 exspectati
345 1163 396 1222 lilii
417 1164 601 1234 celebranda3
632 1183 689 1220 non
712 1165 794 1222 modo
822 1162 923 1222 bellica
951 1165 1056 1222 heroici

163 1265 277 1343 juvenis
303 1285 330 1324 v.
360 1269 412 1334 35,
438 1282 533 1324 verum
568 1271 598 1322 et
624 1263 716 1343 magia
749 1264 833 1324 etiam
860 1263 939 1341 pacis
968 1273 1054 1336 artes,

167 1363 285 1441 quilius,
312 1363 386 1422 virili
410 1369 505 1422 aetate
532 1363 707 1442 amplissimis
723 1348 890 1423 ¹honoribus
920 1363 1054 1444 fungens,

167 1471 294 1542 pacatam
328 1464 523 1542 rempublicam
558 1462 730 1522 laetificabit.
786 1465 904 1524 Poetice
940 1467 1053 1538 dictum,

132 1569 137 1574 ’
167 1565 276 1624 scribae
307 1571 403 1634 erant,
445 1563 491 1640 qui
523 1564 560 1622 ad
593 1565 750 1642 pedestrem
781 1585 938 1626 sermonem
962 1567 1053 1645 depri-

167 1671 290 1734 merent,
333 1664 377 1723 vcl
414 1675 483 1722 tam
522 1665 622 1742 longe
654 1666 696 1724 rel
728 1678 796 1724 tum
829 1667 954 1744 longae
985 1668 1053 1726 scri·

166 1766 280 1840 beutes3
330 1783 402 1842 quae
451 1766 543 1845 magis
587 1767 671 1824 etiam
713 1768 854 1826 temerarii
897 1769 1052 1826 scribentes

166 1878 234 1924 rum
256 1868 356 1943 longe
382 1864 550 1937 miscebant3
583 1865 671 1926 fuisse
698 1887 809 1944 quoque
835 1868 980 1942 videntur,
1008 1869 1052 1948 qui

166 1971 310 2044 spiritur
331 1967 367 2025 de
388 1967 478 2026 altero
500 1987 582 2037 casu,
609 1967 657 2026 ubi
678 1988 719 2026 ue
746 1969 924 2046 producitur,
952 1970 1051 2028 intelli-

165 2074 277 2148 gerent.
321 2069 487 2144 Spiritus,
510 2067 616 2138 anima,
653 2068 752 2148 vigor,
780 2069 889 2128 animus
911 2089 974 2128 cum
996 2069 1051 2130 for·

164 2167 285 2226 titudine
306 2167 480 2244 conjunctus.
810 2168 814 2176 '

249 2267 337 2326 Nemo
360 2267 576 2326 clarissimorum
595 2274 704 2340 votum,
727 2269 774 2347 qui
790 2276 916 2350 tempore
928 2273 1050 2344 heroico,

166 2370 240 2447 quod
261 2369 348 2428 instet
369 2391 395 2430 v.
419 2377 474 2440 34,
497 2391 515 2428 a
536 2370 589 2428 diis
611 2371 670 2428 nati
692 2378 772 2442 sunt,
795 2393 886 2450 neque
904 2371 1050 2450 Orpheae

165 2472 281 2548 aliquis,
311 2490 364 2528 nec
394 2470 499 2540 Linus,
531 2477 589 2526 tum
623 2469 716 2530 vincet
736 2492 797 2542 me,
831 2474 877 2531 cui
904 2472 982 2533 facto
1005 2483 1050 2532 tua

164 2570 252 2649 pluris
274 2575 371 2641 erunt,
393 2588 475 2646 quam
497 2571 596 2628 illusae
623 2571 740 2650 alicujus
770 2574 814 2632 vel
842 2575 982 2652 Apollinis
1011 2576 1049 2633 di-

163 2671 245 2732 vinus
266 2667 389 2728 afflatus.
411 2699 453 2713 --
496 2670 624 2749 Superbe
653 2671 754 2730 dictum
782 2674 920 2734 modestia
947 2684 1049 2755 tempe·

162 2771 247 2832 ravit.
302 2767 451 2848 Orpheos
478 2770 532 2830 Lb.
560 2771 703 2851 lv,‘454
734 2792 771 2830 ox
804 2774 939 2855 Oeagrm
966 2775 1048 2838 fluvio

163 2871 321 2944 Threciae,
349 2879 379 2930 et
400 2873 516 2930 lroroica
536 2873 619 2930 Musa
648 2873 818 2950 Calliope,
848 2876 909 2946 vel,
939 2879 1050 2936 Graeca

3 3001 4 3046 p
79 3053 83 3068 Ι
162 2975 303 3052 positione
343 2967 540 3048 Calliopea,
586 2979 669 3032 natus
709 2981 779 3032 erat.
838 2975 964 3048 Limus,
998 2980 1049 3037 hoc

161 3074 274 3134 nomine
301 3075 387 3144 alter,
420 3094 457 3132 ex
485 3073 629 3132 tritissima
655 3072 750 3134 fabula
775 3075 850 3134 filius
878 3076 1048 3152 Apollinis

162 3181 192 3234 et
218 3170 452 3252 Terpsichores
473 3175 590 3246 Musae,
614 3175 723 3234 Thebis
745 3195 835 3254 aeque
856 3186 941 3256 atque
972 3181 1047 3258 prior

161 3275 216 3334 istc
237 3277 291 3346 Vl,
315 3281 356 3335 67
378 3273 500 3333 carmina
520 3275 646 3334 bucolica
667 3285 822 3354 punxerot,
850 3286 879 3336 et
900 3271 1047 3357 Orpheum,

161 3377 324 3452 Thamyran
350 3375 488 3434 docuerat
515 3383 545 3434 et
571 3376 719 3436 Herculem
741 3378 889 3457 juvenem,
921 3381 986 3458 qui,
1015 3381 1047 3438 ob

161 3496 273 3536 errores
295 3495 362 3536 suos
384 3476 510 3548 derisus,
531 3477 593 3553 lyra
615 3479 814 3538 eumoccidit:
842 3481 946 3554 eidem,
975 3481 1047 3561 quod
