2444 4020
419 249 573 311 necans
594 249 647 323 rx,
670 253 805 313 44-45.
855 325 863 336 ,
991 261 1054 326 rar

157 416 306 491 sissima,
335 421 377 489 et,
406 435 461 495 que
488 418 556 477 nihil
585 435 649 479 esse
676 417 768 498 possit
789 416 952 490 delicatius,
980 437 1054 500 aqua

161 536 200 576 cx
226 516 292 577 nive
319 516 487 576 hilarissime
514 519 655 589 exundat,
682 524 752 596 potu
778 517 942 578 laetissima.
989 520 1053 582 Huc

162 622 256 675 autern
278 616 307 674 in
328 617 392 675 loen
414 617 604 696 Polyphemus
627 637 758 678 sensuum
780 617 896 696 plenus,
918 637 989 697 quaa
1010 625 1052 681 te-

163 716 291 775 neriores
318 737 370 778 ver
396 718 534 797 inspirat,
563 717 649 777 flores
675 718 773 777 laudat
792 717 897 778 circum
918 717 995 780 rium
1016 720 1052 779 de

69 871 74 876 .
164 817 304 874 mantibus
326 824 457 890 ruentes,
479 837 568 898 prope
590 837 662 896 quas
683 818 785 897 pascit,
807 819 938 898 papulum
960 819 1052 878 albam

161 935 231 976 aura
253 937 339 996 super
360 924 444 976 antra
465 918 645 988 ventilatam,
669 925 712 992 et,
735 918 859 977 calorem
880 924 982 994 cantra
1002 939 1051 979 ac-

159 1016 277 1088 stivum,
306 1017 469 1076 umbracula
496 1017 594 1078 vitium
623 1036 674 1095 per
700 1019 820 1076 arbores
847 1019 1050 1093 scandentium,

160 1135 233 1194 quae
250 1118 361 1176 Aetnae
382 1118 417 1176 ad
439 1116 563 1176 radicem
583 1135 681 1175 mense
700 1116 766 1194 ipsu¹
779 1117 869 1194 Aprili
889 1117 1052 1198 germinant

159 1215 227 1290 Vll,
256 1223 307 1278 48.
353 1217 528 1290 Quisnam,
558 1217 928 1288 divisumlrlr.lV,1445.
978 1219 1049 1290 Ver,

159 1317 256 1375 exitus
290 1317 352 1396 ejus
385 1317 490 1376 circum
517 1317 661 1398 Vergilias
688 1323 805 1383 exortas
831 1317 887 1376 Ln.
913 1318 941 1388 Ι,
978 1325 1050 1389 313,

158 1435 243 1494 quum
264 1417 379 1476 Siciliae
396 1418 456 1496 jam
476 1417 551 1478 Alba
571 1417 698 1496 Populus
718 1417 855 1498 lanugine
876 1415 986 1476 frondis
1006 1417 1049 1476 in-

156 1515 240 1576 ferne
274 1517 441 1576 candicante
469 1513 592 1596 (foliis
621 1519 738 1578 cadurs
765 1521 1049 1578 tomentowntucs‘a

156 1617 256 1676 Willd.
284 1617 345 1676 arb.
374 1625 445 1680 227.
472 1617 567 1677 Linnt
588 1637 666 1697 spec.
687 1619 775 1697 plant.
798 1617 851 1689 lv,
875 1625 893 1678 2
915 1638 944 1696 p.
967 1615 1048 1696 802)

94 1710 97 1716 ’
156 1717 302 1796 splendet,
337 1717 374 1776 ct'.
402 1719 493 1778 Plan.
522 1719 606 1790 xvi,
642 1727 680 1780 23
703 1738 728 1778 s.
752 1721 807 1789 35,
842 1723 872 1776 et
889 1719 1048 1791 palmites

155 1824 270 1896 repunt.
312 1817 545 1894 Purpuream,
569 1819 711 1888 candens,
733 1817 828 1876 nitens
849 1817 904 1875 ΙΙΙ).
926 1818 973 1890 lV,
996 1821 1048 1879 54.

155 1920 189 1977 ln
209 1919 360 1991 fundere
388 1913 419 1994 (a
433 1920 517 1990 suo,
538 1919 647 1988 famo,
669 1919 759 1988 fudo
781 1919 810 1985 Ι,
842 1913 897 1993 49)
920 1922 1048 1992 patestas

155 2017 233 2077 inest
263 2015 415 2098 geniturae
449 2023 479 2076 et
512 2014 719 2094 abnndantiae3
755 2013 986 2092 quemadmodum
1017 2013 1046 2072 in

156 2125 282 2198 cognato
296 2113 385 2195 χέειν,
414 2121 444 2176 et
465 2115 560 2196 prisca
573 2113 804 2176 Germanicorum
825 2112 966 2172 huminum
986 2119 1053 2192 gc?

109 2237 111 2240 ’
156 2229 230 2291 tam,
251 2218 376 2299 gignere
398 2223 427 2276 et
448 2236 578 2298 egerere.
797 2288 800 2300 ‚
1018 2289 1024 2300 x

241 2320 377 2376 ἸΙ-45.
420 2318 528 2376 Moeris
550 2317 604 2376 sibi
625 2319 816 2395 persuaserat,
836 2313 973 2392 Lycidam
985 2313 1045 2372 dul-

156 2417 228 2478 cium
250 2415 453 2497 pndmatiorum
475 2418 558 2495 plura
577 2407 741 2488 Menalcae,
763 2415 906 2495 quaelibet
925 2415 1043 2489 demum,

156 2519 254 2579 audire
273 2517 357 2608 velle
399 2517 524 2595 Lycidas
539 2522 632 2576 nutem
652 2517 733 2596 plura
751 2535 789 2575 ex
805 2513 840 2574 iis
851 2514 937 2594 cupit,
960 2503 1044 2594 quale

154 2620 223 2680 illud
247 2620 277 2678 in
304 2619 423 2678 Varum:
459 2637 577 2696 quorum
598 2623 756 2697 poematum
777 2621 974 2698 argumentum
996 2635 1043 2676 sa·

153 2721 197 2780 lus
219 2721 257 2781 sit
278 2720 344 2802 agri
364 2719 522 2778 Mantuani.
565 2718 655 2789 euin,
677 2718 719 2778 ait
739 2711 905 2796 prepterea,
927 2714 1041 2772 axillis

153 2821 280 2882 versibus
302 2821 394 2879 adhuc
414 2817 550 2877 memoria
570 2823 661 2890 tenes,
684 2833 755 2892 quas
776 2815 855 2875 solus
875 2820 907 2872 tu
922 2818 1041 2892 vespere

155 2921 293 2999 quondam
321 2917 455 2991 stellante
482 2917 622 2976 canebasl
654 2916 756 2974 lllcdos
783 2933 840 2995 ega
862 2931 1039 2972 numerorum

154 3022 243 3082 adhuc
264 3020 325 3098 ipse
347 3016 423 3088 scio,
445 3016 533 3076 verba
553 3022 646 3074 autem
668 3033 777 3093 parum.
820 3013 919 3084 Simul,
941 3011 1040 3090 opina·

152 3117 257 3192 bimur,
278 3116 377 3175 medos
398 3135 477 3187 eum,
498 3134 570 3193 quos
590 3115 720 3189 tenebat,
742 3113 835 3174 verbis
856 3134 918 3173 cum
939 3112 1038 3192 aliqui-

82 3201 91 3216 ’
152 3219 203 3279 bus
225 3216 352 3295 abruptis
373 3215 503 3276 fremere.
550 3215 642 3283 Ouid
658 3219 835 3276 meministi
858 3211 910 3289 (ex
930 3235 957 3278 v.
981 3213 1035 3296 38)
1085 3280 1088 3284 ,

94 3313 96 3322 ’
152 3337 194 3378 aa
214 3322 379 3390 carmina,
407 3337 505 3397 quac.
550 3316 643 3388 Nox,
670 3316 716 3376 lric
736 3322 782 3376 cst
802 3316 953 3396 incipiens,
975 3316 1036 3379 uiue

100 3463 102 3474 1
151 3437 253 3498 vesper
274 3419 330 3480 Lb.
352 3417 408 3490 ΙΙΙ,
438 3420 510 3481 338.
554 3416 663 3494 Pura,
685 3439 703 3480 a
723 3419 858 3492 nubibus,
879 3424 913 3478 nt
932 3437 1036 3481 nauum
