2462 4028
200 281 268 349 ρος
366 273 918 345 ncnoenx,1e-eo.1o-1a

193 450 305 520 vetare,
327 443 402 503 inter
423 446 516 503 lauri
538 450 567 502 et
588 447 690 502 etiam
710 442 792 500 ruodo
814 445 912 504 illum
926 443 1093 523 interpone-

135 571 136 578 *
197 545 290 618 batur,
312 554 342 605 et
362 543 618 626 inficetagravitas
633 543 846 623 triplicisiatiua
868 547 965 606 illum
986 550 1092 606 etiarn

197 647 315 727 elegans
348 667 413 706 ense
445 646 675 724 praedicabatur,
712 647 795 704 modo
830 649 947 706 tauma
976 652 1089 719 etiam,

196 750 279 808 modo
307 751 400 808 lauri
426 767 486 807 nac
515 769 581 806 non
602 747 810 827 corrigebatur.
853 749 1037 807 Maenalus
1058 760 1091 808 et

130 918 133 924 ‚
185 850 362 930 ,hpcaeua
384 869 463 908 mona
484 857 603 926 uterque
622 849 777 923 Arcadiae,
800 867 912 908 carmen
934 849 1091 929 designant

197 951 386 1031 pastoricium,
404 951 484 1030 cujus
495 950 622 1010 Arcadas
633 958 716 1010 erant
727 948 852 1013 artiliaco
863 951 924 1022 Vll,
937 951 1088 1022 4.Piuaa‚

196 1053 270 1113 Pani
297 1058 481 1114 consecratae
511 1051 575 1124 Vll,
603 1059 659 1124 24,
693 1051 738 1110 bic
764 1052 874 1130 quidem
902 1055 1085 1129 siluestres,

197 1175 269 1234 quae
290 1154 370 1214 solua
391 1153 543 1213 secuudum
564 1153 792 1233 Theophrastum
813 1155 863 1226 ΙΙΙ,
890 1161 930 1214 10
949 1155 979 1214 in
997 1155 1087 1215 Arcu

196 1257 243 1316 dia
263 1262 435 1326 nascuntur,
457 1261 487 1314 et
507 1255 645 1332 gelidae
660 1274 762 1330 rupee
783 1257 986 1337 cogitationem
1008 1257 1087 1316 exci-

195 1365 258 1419 tant
280 1357 451 1430 altitudinis,
473 1357 581 1427 Gallus,
603 1357 651 1434 qui
671 1377 699 1418 v.
722 1362 763 1418 44
784 1357 813 1416 iu
836 1358 928 1436 putria
947 1358 977 1419 iu
999 1359 1087 1416 arurin

195 1467 256 1534 eut„
270 1459 394 1518 Maenali
415 1459 527 1516 deserto
549 1457 578 1516 in
600 1465 682 1516 antro
703 1457 749 1518 bic
768 1458 922 1536 requietem
934 1477 1085 1537 quaerens,

194 1581 232 1621 ne
252 1561 343 1640 magis
365 1561 390 1618 is
411 1559 525 1638 propria
546 1558 732 1639 intelligatur,
754 1563 1085 1638 quamquumltlnanrurn

193 1661 224 1721 in
245 1661 385 1719 montibus
405 1666 545 1720 versatur.
589 1659 664 1718 Nibil
685 1661 740 1720 sibi
760 1662 900 1742 allegoria
910 1663 979 1734 vult,
1000 1683 1085 1741 prae-

194 1771 323 1842 terquam
349 1761 393 1834 id,
431 1761 505 1839 quod
537 1759 638 1820 tertius
665 1781 764 1821 verane
790 1762 949 1823 indicabat:
984 1765 1084 1824 Gallus

192 1865 348 1926 bucolicum
369 1862 519 1944 uvirgiliu
541 1862 631 1922 arnico
652 1883 763 1922 carmen
785 1864 900 1943 petebat
916 1865 946 1924 in
958 1873 1080 1926 amoram

192 1987 287 2042 sunm,
313 1973 345 2025 et
365 1965 503 2046 Virgilius
523 1983 583 2023 reru
604 1965 684 2044 quasi
706 1965 735 2024 in
756 1965 878 2025 Arcadia
899 1975 1012 2047 geatam
1032 1989 1081 2048 po-

64 2089 65 2094 *
191 2069 287 2128 nebat.
328 2067 461 2142 Rupes,
488 2086 621 2147 magnum
643 2071 742 2126 uarium
764 2067 928 2146 abruptum,
958 2070 1012 2128 lruc
1032 2089 1079 2128 su·

150 2169 154 2182 ‘
191 2169 450 2251 perimmiueuav·
473 2171 524 2229 58.

318 2275 455 2334 16-69.
476 2268 609 2329 Narratio
630 2275 675 2328 est
690 2288 799 2343 corum,
821 2289 894 2349 quaa
909 2291 1082 2332 communem

190 2373 329 2434 luctum
320 2393 350 2432 nn
382 2371 524 2431 montibus
550 2371 689 2430 Arcadiae
721 2373 933 2434 antecedebant.
975 2373 1080 2447 Poeta,

190 2476 309 2536 amicum
335 2493 430 2546 uuum,
462 2472 593 2532 solatium
619 2473 780 2545 adanam,
804 2475 966 2547 comitatus,
994 2475 1078 2534 sinrul

185 2591 252 2636 'cunr
275 2595 309 2634 eo
330 2574 454 2633 Maenali
475 2573 504 2632 in
530 2573 609 2653 rupis
630 2593 752 2635 caverna
772 2561 879 2636 etratus
895 2578 984 2656 jacet.
1020 2578 1079 2636 Ad·

189 2683 304 2758 spectus
331 2683 360 2736 et
386 2695 444 2736 vox
473 2675 555 2756 aegri
580 2695 650 2736 oves
671 2676 759 2735 allicit
780 2677 907 2755 proxime
928 2687 1078 2757 parcentes

191 2788 247 2855 163
269 2799 336 2840 mox
357 2776 507 2858 opilionem
529 2795 641 2855 quoque
663 2779 986 2857 etalioapaatorea193
1007 2779 1079 2839 dene

147 2925 153 2942 .
188 2882 268 2964 ipsos
289 2900 422 2964 agrorum
445 2888 496 2942 21.
522 2879 718 2940 Misericordia
739 2900 835 2940 eorunr
857 2880 956 2940 Gallus
979 2882 1080 2942 dolore

188 3003 247 3045 nou
267 2985 376 3046 levatus
398 2981 539 3061 quaritur,
567 2988 597 3042 at
617 2983 743 3042 Arcada
771 2988 872 3064 rogat,
899 2981 1025 3044 carndne
1048 2990 1080 3044 ut

189 3086 251 3168 ejus
272 3086 414 3146 cruciatus
435 3085 577 3146 celebrent
599 3093 649 3144 31.

275 3194 411 3250 16-18.
455 3187 547 3258 Gallo,
567 3205 662 3264 quum,
685 3184 785 3246 sitione
807 3205 912 3258 amore,
933 3205 997 3246 cum
1015 3186 1079 3244 vir-

188 3290 259 3372 gilio
281 3289 383 3349 comite
405 3288 517 3346 deserta
537 3287 565 3345 in
588 3287 666 3366 rupis
682 3307 803 3348 caverna
812 3287 936 3348 Maenali
946 3287 1078 3366 quiescit,

188 3410 258 3451 oves
296 3391 413 3469 primum
447 3389 673 3467 appropinquant
704 3409 760 3448 non
789 3390 888 3472 procul
914 3396 1074 3469 pascentea,

188 3489 308 3550 fidentes
330 3497 361 3550 et
381 3487 587 3550 misericordae.
616 3492 669 3561 lla,
692 3490 762 3570 pias,
784 3491 876 3570 iuquit
896 3497 991 3572 potita,
1013 3491 1080 3549 bea·
