2444 4020
343 299 755 373 neocosmum-41.
952 313 1017 376 reu
1065 309 1070 318 ’

116 468 259 551 quidquid
292 489 330 528 ex
364 470 487 530 brachiis
514 471 645 530 arborum
673 471 896 550 dependentibus
924 479 1019 552 potest
1085 513 1089 520 -

120 573 306 653 contingere.
348 571 504 652 Numquam
526 581 612 632 antea
634 573 863 652 pulluluscentem
881 575 1020 657 virginem

120 681 183 734 tom
205 673 344 752 lepidum,
373 673 599 736 nmssvenusmn
620 673 746 747 viderat3
776 685 875 756 pectus
897 676 1021 758 concipit

123 795 263 847 amoram,
295 774 343 854 qni
365 782 573 836 maturescente
595 777 802 856 pulchritudine
823 779 858 837 ad
880 777 1022 840 fervorem

123 897 216 956 usquc
248 876 377 937 insaniae
410 877 584 938 accenditur.
627 878 673 938 In
699 881 849 954 amadus,
879 880 908 940 iu
937 882 1022 942 horto

129 979 325 1058 circumsepto,
348 978 431 1058 qualo
452 979 505 1038 Lb.
529 979 583 1051 ΙΙ,
608 988 668 1041 130
690 986 727 1040 in
749 984 876 1052 domin
900 1003 957 1041 non
979 983 1022 1041 in·

122 1088 173 1146 tre
207 1082 253 1142 vel
283 1081 411 1159 proxime
438 1099 522 1159 sepes
549 1079 635 1159 ipsas.
680 1083 799 1141 Veteres
827 1083 927 1141 lrortos
954 1103 1022 1142 suos

126 1181 199 1245 viris
232 1181 427 1241 lubentissime
456 1181 571 1260 sepibus
599 1181 715 1260 spinoso
742 1203 828 1261 vepre
855 1183 1025 1243 cluudebaut

128 1283 239 1343 Colum.
283 1283 340 1355 Xl,
371 1291 406 1356 3,
435 1291 464 1343 3.
497 1285 616 1356 Mala,
640 1284 727 1342 multa
748 1285 953 1364 complectente
973 1305 1024 1348 vo-

127 1385 229 1444 cobulo
252 1384 307 1457 lll,
330 1390 386 1455 ul,
415 1384 542 1444 recentia
564 1404 612 1445 en:
633 1385 753 1446 arbore
774 1393 943 1466 carpuntur,
966 1405 1024 1446 nou

127 1485 262 1547 cadentia
289 1493 339 1546 aut
367 1486 487 1545 decussa
514 1485 542 1544 in
569 1487 683 1546 roscido
705 1487 834 1568 gramine
855 1497 907 1548 aut
927 1487 956 1547 io
979 1507 1024 1547 se·

127 1587 211 1669 pibus
232 1587 420 1670 colliguntur3
452 1587 493 1647 ita
514 1594 559 1648 est
579 1592 671 1648 mala
692 1592 809 1668 legere
830 1589 871 1662 ΙΙ,
898 1587 950 1652 51.
975 1589 1024 1663 ΙΙΙ,

127 1697 183 1752 70.
230 1690 318 1754 Pueri
351 1711 370 1751 a
396 1701 504 1751 matre
530 1689 566 1750 nd
594 1692 766 1772 gustandum
794 1691 879 1754 vicini
905 1689 966 1751 lilia
994 1690 1023 1750 in

129 1793 229 1852 hortos
258 1791 383 1862 ducitur,
411 1793 640 1870 quemadmodum
663 1812 725 1851 cum
747 1793 913 1872 Polyphemi
935 1799 1025 1852 moire

130 1901 242 1953 montes
270 1890 323 1950 filii
345 1892 466 1951 Galatea
488 1891 598 1964 invisit3
630 1892 751 1972 virginis
773 1904 863 1952 mater
884 1913 946 1953 cum
968 1892 1027 1953 filiu

130 2015 183 2055 sua
210 1993 261 2054 vix
289 1992 352 2050 siue
382 1992 545 2070 parentibus
572 2011 688 2070 puerum
715 1993 745 2051 iu
773 1994 884 2052 hortum
906 2000 1026 2072 sequuta

132 2094 180 2155 sit.
224 2094 303 2153 Puer
331 2101 425 2154 autem
447 2092 557 2153 fructus
579 2093 607 2151 in
630 2093 720 2152 hortis
737 2093 959 2174 jucundissimos
980 2115 1026 2155 sa-

131 2217 203 2276 pore
233 2197 333 2256 melius
360 2187 487 2276 reperire
515 2195 668 2267 didicerat,
701 2215 783 2274 quam
809 2196 899 2276 ipsius
927 2203 1026 2271 mater,
1097 2265 1102 2271 ι

131 2297 286 2362 Roscida
305 2299 418 2374 suellen,
442 2296 558 2378 legendi
579 2297 653 2355 ratio
676 2295 784 2357 insulsa
804 2305 865 2370 αὶ,
888 2317 951 2356 nam
972 2297 1028 2358 etsi

132 2401 187 2459 mel
220 2419 268 2458 en:
296 2397 463 2457 florentibus
490 2399 604 2478 sepibus
632 2398 793 2480 colligitur,
828 2419 885 2459 non
913 2406 1029 2460 struunt

133 2509 227 2562 temen
250 2509 288 2562 in
308 2500 439 2580 sepibus,
462 2520 515 2560 uec
536 2499 635 2562 socilcs
657 2500 711 2560 sibi
732 2521 750 2560 s
770 2500 869 2580 pueris
889 2503 943 2560 mel
965 2502 1027 2582 ropi

133 2604 291 2686 patiuntur.
334 2604 379 2661 Ex
401 2623 477 2663 auno
498 2605 670 2664 undecimo
694 2623 764 2683 puer
786 2604 869 2663 modo
890 2603 919 2664 in
942 2607 1027 2666 alte·

133 2727 207 2783 rmm
228 2707 290 2768 siva
310 2705 467 2785 proximum
489 2697 659 2766 intraverat:
687 2705 729 2764 ito
750 2707 866 2765 lluoeus
888 2705 1028 2784 interpre-

133 2815 211 2870 tatus
238 2814 299 2879 ert,
327 2809 418 2867 alter
446 2807 485 2878 V,
513 2813 553 2868 49
576 2806 696 2889 colloto3
725 2807 800 2884 quod
822 2811 1027 2878 antecesserat,

133 2910 180 2983 id,
213 2909 442 2988 quemadmodum
468 2907 498 2966 in
520 2909 629 2967 altero
652 2899 722 2977 die,
750 2905 867 2984 primurn
890 2924 954 2964 esse
975 2905 1028 2964 liu·
1096 2933 1101 2942 ¹

134 3013 222 3095 gitur.
277 3013 388 3069 Annum
425 3007 561 3066 decimum
596 3006 708 3065 tertium
743 3004 824 3082 qussi
851 3007 1029 3068 secandos·

132 3125 213 3193 poet
230 3115 437 3173 undecimum
458 3109 614 3178 nominare,
635 3107 665 3164 in
686 3106 749 3185 ipsa
770 3105 943 3172 necessitate
964 3127 1028 3170 ver·

14 3231 16 3306 p
135 3237 200 3290 sus,
229 3233 303 3294 quue
329 3221 386 3270 tom
408 3229 494 3289 saepe
515 3207 660 3290 unguitur:
694 3206 777 3266 uinis
803 3205 959 3268 artificiosa
985 3209 1027 3270 di·

135 3326 210 3380 ctum
228 3314 277 3374 sit.
321 3313 526 3391 Ceperatpru
539 3321 731 3386 exceperat,
755 3328 817 3369 cum
833 3309 1027 3372 declaratione

136 3413 379 3488 continuationis‚‘
401 3413 494 3496 magis
520 3413 632 3508 videtur
657 3419 781 3494 augusta
803 3411 921 3483 dictum,
943 3431 1026 3492 quam

137 3529 323 3598 acceperat,
346 3517 420 3598 quod
442 3515 569 3596 pluribus
590 3513 618 3573 in
641 3514 720 3574 libris
742 3512 854 3592 scriptis
875 3514 1026 3594 legendnm
