2462 4028
217 309 284 374 224
493 297 648 359 noricos
670 297 708 370 x,
729 303 866 360 ar-oa.

217 491 278 531 curn
299 468 434 548 Nymphis
455 467 609 528 Heliconiis
630 470 755 530 πλεῖστα
776 465 967 546 συμπαίζειν,
991 471 1108 531 crebras

217 575 336 633 cbareas
364 581 462 652 agere.
506 569 612 650 Orator
631 569 786 642 Himerius,
819 570 866 649 qui
891 570 996 630 multas
1022 569 1108 632 flores

216 681 364 755 poetarum
386 671 593 752 deperditarum
613 672 739 754 spargit,
762 693 810 731 or.
831 672 844 730 l
850 713 859 743 ,
883 678 924 732 20
945 672 982 732 ud
1004 671 1108 733 festum

217 777 289 836 diam
311 774 451 854 agendum
472 773 570 832 Musas
591 779 621 832 et
635 773 772 834 Nereides
793 780 824 834 et
843 773 946 834 charos
967 774 1108 854 Nympha-

216 897 277 936 rum
300 882 397 946 vnent,
427 880 458 933 et
478 893 579 936 sonum
601 875 744 954 Dryadum
766 881 796 936 et
816 874 952 934 salientes
973 877 1107 954 Satyros,

216 978 352 1057 Panaque
373 977 496 1037 calamos
517 974 660 1036 inflantem
681 983 711 1037 et
732 983 820 1036 totam
835 977 940 1038 Bnccbi
963 978 1107 1040 choream.

216 1080 281 1140 Alio
308 1081 383 1164 luco*
399 1079 472 1150 XX,
501 1087 519 1140 2
548 1078 652 1138 circum
677 1079 850 1157 Apollinem,
877 1077 926 1158 qui
952 1079 991 1138 ad
1017 1080 1109 1158 lyram

217 1182 303 1254 canit,
325 1201 382 1240 non
404 1181 599 1240 medullosus
619 1179 725 1240 saltare
747 1178 824 1254 facit,
846 1181 897 1240 aed
918 1179 1003 1240 etiarn
1014 1181 1107 1260 Drya-

217 1284 269 1343 das
295 1289 325 1342 et
352 1283 493 1354 Oreades,
522 1301 609 1362 quae
629 1293 707 1342 mac
727 1283 905 1342 Musarum
925 1279 1039 1343 instar
1059 1285 1109 1344 bu·

217 1385 332 1445 bantur:
363 1383 500 1446 cf.v.1.
525 1391 574 1446 10.
625 1383 830 1447 Venationem
856 1383 910 1444 sibi
932 1384 1033 1444 Gallus
1059 1385 1108 1446 ba-

217 1487 312 1546 roicus
334 1486 519 1565 periculosum
541 1485 624 1566 eligit
640 1485 713 1544 acris
727 1487 803 1558 fert
824 1490 912 1560 apri,
934 1485 1108 1547 laboriosam

217 1589 247 1646 iu
269 1585 607 1658 mediolanensi,
630 1595 707 1659 3183
734 1585 923 1664 pa'catioribus
945 1589 1106 1667 pastoribus

216 1687 393 1765 relinquens,
414 1693 446 1744 ut
467 1687 539 1765 pedo
561 1705 613 1746 suo
635 1687 674 1759 V,
698 1695 755 1759 88,
775 1687 800 1756 si
821 1688 862 1748 ita
882 1687 960 1748 ferat
981 1691 1106 1764 amasio,

217 1789 253 1848 nd
274 1788 386 1868 lepores
406 1786 562 1862 feriendos,
585 1780 775 1868 λαγωβόλος,
796 1773 939 1850 utantur.¹
964 1789 1104 1852 Parthe-

217 1895 288 1950 m'os
317 1889 378 1952 sire
398 1887 618 1962 Parthenion,
653 1897 762 1950 mantas
789 1891 864 1950 ultra
885 1893 1103 1972 Stymplmlidem

216 1993 364 2072 paludem,
398 1991 447 2072 qui
473 1991 508 2052 ab
539 2011 612 2073 agro
633 1991 772 2073 Tegeaeo
799 1993 836 2052 ad
856 1993 995 2075 Argivum
1016 2015 1106 2075 nsque

216 2094 445 2174 porrigebantur.
500 2095 634 2166 Saltus,
676 2095 819 2155 convalles
850 2095 994 2156 silvestres
1025 2097 1103 2155 inter

217 2213 302 2274 rupes
324 2195 439 2274 supinas
461 2201 490 2255 et
511 2195 645 2267 declivia,
671 2215 788 2276 quorum
808 2198 926 2278 angusti
945 2195 1035 2258 aditus
1055 2195 1101 2257 fa·

217 2297 271 2357 cile
292 2296 415 2356 obsideri
436 2303 578 2376 poterant
1087 2285 1090 2290 ¹

303 2405 438 2467 57—63.
461 2398 608 2480 Cogitatio
628 2399 787 2461 venationis
807 2379 961 2460 Arcadicos
981 2401 1104 2466 animum
1219 2451 1220 2487 ἐ

218 2498 293 2558 Galli
315 2499 456 2577 jacentem
477 2502 620 2580 paulisper
640 2500 734 2582 erigit.
777 2501 906 2582 Repente
925 2501 1103 2575 recordatur,

213 2589 289 2656 ¹banc
310 2618 421 2677 quoque
442 2599 490 2660 vix
512 2602 574 2681 ejus
594 2601 746 2662 cruciatum
767 2603 856 2663 lenire
877 2623 971 2684 posse.
1002 2605 1102 2682 ltaque
1218 2673 1219 2676 Ἴ

216 2699 298 2760 simul
323 2717 385 2760 cum
412 2720 445 2760 eu
472 2702 585 2762 choreis
606 2723 716 2782 quoque
737 2703 922 2785 Nympharum
944 2706 1099 2777 renunciat,

216 2809 247 2863 et
267 2801 435 2862 carminibus
457 2803 601 2878 bucolicis,
624 2823 696 2883 quae
717 2808 791 2886 apud
803 2827 835 2867 se
847 2807 1023 2880 decreverat,
1044 2807 1099 2865 imo
1217 2873 1218 2880 ἵ

216 2903 286 2984 ipsis
297 2905 435 2964 Arcadiae
456 2905 582 2966 saltibus.
604 2940 646 2952 -
667 2907 802 2988 Magnum
823 2889 942 2968 animum
956 2909 1103 2988 uisumque

217 3012 317 3066 aontm
343 3007 428 3065 animi
454 3007 594 3067 libidinem
614 3007 721 3070 virilem
743 3009 862 3086 indicat,
890 3009 965 3090 quod
986 3011 1102 3072 venatio
1216 3047 1217 3066 i

217 3107 348 3180 hiberna,
377 3115 407 3167 ct
432 3109 563 3169 incedere
584 3130 656 3169 saxa
677 3110 751 3170 inter
771 3121 922 3193 praerupta
943 3121 971 3174 et
992 3113 1102 3193 praeci·

217 3193 296 3288 pitia‘
309 3203 437 3289 (rupea)
460 3221 490 3270 et
510 3211 594 3273 silvas
616 3213 772 3272 condensas
795 3212 961 3292 (luctVlll,
983 3214 1049 3296 86),
1071 3215 1102 3274 ἰιι

218 3311 318 3387 quibus
338 3311 461 3390 procella
482 3319 511 3370 et
532 3315 636 3374 clamor
657 3315 801 3376 venaticus
821 3331 930 3392 sonat,
954 3339 1016 3378 cum
1036 3317 1100 3378 telis
1215 3341 1216 3370 ÷

219 3409 325 3470 eminus
347 3411 522 3488 ferientibus,
544 3422 599 3474 tom
621 3416 649 3474 ei
669 3417 772 3476 laetum
794 3418 913 3480 videtur.
948 3421 1100 3479 Praestan-

218 3509 276 3569 tir1·
405 3531 518 3572 areum
540 3516 662 3594 appellnt
681 3517 888 3594 Parthicum,
921 3531 952 3582 et
977 3521 1102 3605 sagittus
1214 3535 1215 3540 ’

1018 3809 1070 4002 li
1198 3781 1214 4001 l
