2340 4036
184 268 252 330 rar
439 257 604 318 -ucnocn
625 255 673 318 u.
697 261 823 342 s-ra
910 206 913 222 ’

186 425 301 497 medici,
329 420 459 485 Baccha·
483 423 681 504 precellentis,
719 422 853 502 imprimis
892 413 1017 484 ‘Hicov
1041 423 1104 485 sive

190 527 302 598 solra,
332 525 401 586 solis
429 545 527 584 cursus
559 524 690 584 rectoris.
734 525 814 583 Haec
840 521 975 582 conlusio
1010 530 1045 582 et
1075 525 1103 582 in

192 629 306 696 oraculo
325 625 463 702 Sibyllino
487 632 545 696 est,
567 625 643 703 quod
665 625 795 683 deludis
818 624 1102 684 SaecularibusZo·

191 729 278 790 simus
300 728 334 797 ll,
359 735 377 787 6
406 725 505 796 affert,
534 732 563 784 et
583 725 612 782 in
635 725 760 785 carmine
787 726 900 784 Horatii
920 725 951 783 in
977 725 1102 785 eosdem

192 831 290 898 ludos,
312 828 340 884 in
364 847 418 906 quo
441 845 498 884 non
522 825 633 884 dubium
656 833 715 897 est,
739 827 806 904 quin
830 826 982 904 opiniones
1002 827 1101 904 Sibyl-

193 927 453 1005 linas'susceperit.
497 927 579 986 Unde
602 933 736 984 mutatam
753 926 843 986 finisse
866 927 1034 986 doctrinam
1057 947 1101 986 se·

192 1035 297 1088 riorum
320 1028 452 1086 librorum
482 1027 681 1104 Sibyllinorum
711 1036 839 1106 apparet.
863 1028 954 1086 ⁴Nam
982 1029 1017 1086 in
1043 1028 1099 1108 pri-

194 1132 270 1190 stina
288 1116 415 1209 'quidem
448 1128 599 1205 Tarquinii
626 1129 795 1188 collectione
832 1147 917 1188 verus
955 1149 1098 1188 summum

186 1232 294 1310 ,Apollo
323 1251 387 1289 esse
421 1234 566 1307 potuerat,
600 1234 629 1286 ct
657 1227 706 1287 vix
729 1229 793 1286 dum
814 1227 854 1300 ia,
887 1249 988 1308 quem,
1022 1235 1097 1290 teste

86 1384 90 1390 ,
194 1332 320 1391 Arnobio
335 1328 381 1410 ⁰),
408 1330 471 1408 ipsa
485 1325 675 1406 'Pompiliana
704 1330 919 1410 indigitamenta
941 1331 1007 1391 sive
1030 1331 1095 1389 libri

194 1429 392 1504 Pontificales·
405 1429 440 1488 de
470 1429 524 1487 diis
556 1449 574 1488 a
602 1431 693 1488 Numa
714 1431 844 1509 receptis*
858 1432 958 1510 scripti
980 1432 1095 1492 nescie-

195 1535 278 1605 bant3
300 1531 411 1589 minime
433 1530 538 1592 tralata
558 1536 644 1606 atque
665 1531 811 1590 immutata
840 1532 875 1590 de
901 1531 1039 1610 Apolline
1065 1553 1094 1590 o·

194 1633 287 1713 pinio,
322 1633 357 1689 de
385 1650 440 1709 qua
465 1637 523 1688 tom
550 1631 684 1709 temporis
719 1631 768 1692 vix
799 1633 904 1692 Graeci
931 1623 1094 1713 plriloeoplri

195 1715 402 1815 cogitaverant.
446 1733 545 1809 ltaque
558 1731 675 1792 Servius
692 1751 747 1790 aon
767 1739 873 1792 temere
896 1734 972 1814 egit,
995 1753 1092 1813 qnam,

195 1835 339 1912 Sibyllam,
362 1853 490 1902 narrans,
514 1835 863 1906 decamamsaecnlum,
888 1836 990 1914 quippe
1015 1840 1092 1896 emi·

195 1947 263 1997 dum
276 1938 420 2010 ferreae
441 1937 581 2004 aetatis,
606 1933 722 2012 imperio
740 1917 832 1994 Solle
844 1934 994 2007 tribuisse,
1018 1937 1091 1996 bane

198 2037 459 2118 interpretationem
482 2033 631 2112 adjiceret,
654 2036 749 2093 Solem
774 2056 842 2096 vero
865 2037 993 2096 eumdem
1015 2057 1090 2110 esse,

197 2139 244 2216 qui
265 2137 399 2214 Apollo.
444 2133 606 2192 Communis
627 2131 724 2200 sabula
745 2137 856 2216 quidem
877 2139 967 2206 tribur
988 2136 1090 2198 aetati-

195 2239 248 2296 bus
270 2235 418 2318 postremis
450 2236 550 2295 lovem
571 2235 710 2314 imperare
736 2237 863 2311 dicebat3
897 2246 964 2298 sunt
985 2247 1088 2310 tamem

196 2339 296 2400 doctus
318 2337 409 2418 inquit
431 2338 555 2396 Senator
576 2337 724 2418 Nigidius,
746 2339 816 2399 Julii
828 2341 961 2424 Caesaris
984 2361 1088 2420 aequa·

194 2441 230 2500 lis
244 2439 306 2518 ⁰⁹),
329 2439 450 2516 exempli
472 2440 727 2518 causrallrpheus,
749 2441 797 2519 qui
818 2442 949 2522 singulos
967 2449 1089 2522 quatuor

196 2541 337 2600 aetatibus
357 2558 444 2619 reges
466 2539 623 2610 ascribant,
646 2541 798 2600 Saturnum
805 2585 813 2614 ,
842 2544 958 2626 iovem,
980 2545 1086 2622 Neptu·

194 2661 260 2700 num
282 2645 312 2700 et
331 2639 495 2712 Plutonem3
526 2641 588 2712 alii,
617 2642 714 2720 quales
735 2643 828 2725 Magi,
859 2643 980 2724 regnum
1008 2663 1085 2704 snum

196 2742 281 2802 etiem
307 2740 462 2818 Apollini
489 2741 641 2800 destinant.
681 2743 807 2804 ,Ultimae
834 2746 936 2804 aetatis
965 2745 1085 2816 ferreae,

195 2843 241 2903 cni
261 2843 347 2902 Pluto
375 2841 544 2920 imperabat,
574 2843 624 2902 sub
654 2841 737 2902 finem
765 2845 898 2906 credibile
921 2855 980 2919 est,
1009 2867 1086 2906 mnn-

146 3001 148 3005 ,
195 2946 260 3004 dum
293 2946 329 3004 ad
365 2945 517 3004 redeuntes
539 2941 690 3004 felicitates
724 2947 851 3018 nimirum
878 2954 910 3006 nt
940 2947 1096 3028 expiaret?

194 3063 359 3123 quamquam
381 3044 515 3124 Nigidius
541 3045 671 3126 conjicit,
702 3049 875 3126 Apollinem,
903 3050 973 3109 solis
994 3052 1086 3122 deum,

194 3146 322 3206 ardorem
343 3144 428 3204 facile
450 3144 614 3228 significare
636 3167 734 3227 posse3
757 3151 804 3228 qui
827 3151 971 3212 dimidiato
993 3158 1086 3212 tamen

263 3360 290 3426 ')
326 3361 420 3414 Aaou.
437 3361 462 3414 Π
478 3379 505 3431 p.
523 3363 565 3417 95.

263 3459 614 3530 maffimm
