2280 4022
319 297 474 357 ECLOGA
498 297 543 355 lV.
568 302 712 360 18-25.
895 309 954 371 m

62 485 117 524 non
141 471 254 526 tautum
276 462 368 538 fabis,
391 452 500 538 crudis,
523 485 605 544 quum
630 466 809 540 immaturae,
832 485 895 526 cum
915 465 957 524 ui-

61 587 116 648 gra
140 566 241 625 tunica
263 566 402 638 decoctis,
425 585 507 645 quum
525 572 651 626 maturae
668 573 780 639 esseut,
802 567 957 626 sedetiam

61 669 151 726 densa
175 675 206 726 et
228 669 299 726 bene
322 668 416 726 aleuta
433 667 552 747 jucundi
567 668 783 746 saporisradice
804 668 850 728 vel
871 667 959 726 cruda

61 768 105 828 vel
127 775 214 828 cocta
235 769 280 828 vel
302 777 392 840 tosta,
415 769 539 847 ipsisque
559 770 666 847 scapis,
690 768 825 847 quiuirus
848 769 958 828 decocti
1042 785 1050 803 *

61 869 239 946 praebebant
261 889 428 928 araneosum
450 869 478 934 iu
499 871 656 929 mandendo
671 868 710 948 ⁹).
753 871 846 929 Etiam
866 870 958 948 ampla

61 967 149 1042 folia,
176 989 251 1048 quac
272 967 487 1050 Nymphaeac
508 971 609 1030 similia
629 978 727 1042 eraut,
748 989 832 1049 quum
853 970 957 1029 intror-

62 1089 120 1127 sum
133 1071 375 1150 deprimerentur,
398 1072 433 1130 ad
455 1073 556 1150 pocula
572 1079 602 1130 et
618 1079 749 1149 pateras,
770 1072 898 1131 ciboria
909 1069 955 1151 ⁹⁰)

62 1172 236 1249 appellatas,
265 1172 453 1231 adhibuerunt
483 1179 513 1230 et
539 1172 680 1230 nobilibus
711 1172 831 1231 metallis
857 1171 958 1230 irritati

64 1283 147 1329 suut:
185 1271 282 1350 qualia
303 1293 373 1332 vasa
399 1273 535 1331 Horatius
558 1273 582 1330 ll
605 1273 657 1332 od.
679 1281 700 1334 7
721 1280 879 1332 mercatura
900 1293 957 1332 ura·

62 1371 157 1431 ritino
181 1391 221 1432 ex
243 1373 418 1432 Alexandria
439 1381 540 1432 nactus
561 1382 633 1433 orat.
676 1373 781 1433 Planta
802 1381 858 1432 tom
879 1375 957 1434 utilis

62 1491 113 1531 sua
134 1481 241 1553 sponte
262 1474 432 1552 pullulabat,
455 1482 500 1545 ct,
520 1463 570 1534 ubi
592 1476 718 1547 deesset,
741 1476 817 1534 uullo
840 1475 957 1556 negotio

63 1575 231 1646 serebatur,
253 1573 327 1634 labis
348 1593 411 1634 cum
432 1575 516 1634 luteis
537 1576 630 1657 glebis
651 1577 797 1635 interram
820 1576 957 1636 demissis.

63 1675 169 1735 Strabo
192 1677 295 1734 laetum
314 1677 475 1755 adspectum
497 1677 637 1746 sationum
658 1677 742 1736 fabae
762 1677 880 1758 itaquis
901 1679 958 1737 Aa·

62 1777 172 1855 gyptiis
209 1784 239 1836 et
284 1778 510 1836 comissatiouum
542 1779 703 1858 voluptates
740 1779 769 1836 iu
806 1779 958 1838 commodis

63 1877 186 1952 cymbis,
224 1897 297 1956 quae
325 1879 399 1937 iuter
427 1879 530 1938 densas
557 1880 670 1938 umbras
691 1878 822 1938 loliorum
844 1879 958 1958 ingere·

62 1976 184 2050 bantur,
206 1977 408 2060 miraturm).
431 1981 498 2054 *ux
528 1978 571 2036 luis
597 1979 709 2037 iudiciis
736 1980 879 2038 colocasia
899 1982 958 2040 Ro·

61 2097 211 2162 manorum
232 2079 344 2138 minime
366 2085 424 2150 est,
447 2079 562 2158 idquod
576 2079 725 2158 Martyuus
738 2080 850 2156 statuit,
873 2101 959 2140 aron

62 2178 238 2258 Aegyptium
249 2181 343 2238 radice
359 2181 448 2249 eduli,
470 2179 578 2258 Apum
594 2181 771 2242 Colocasia
781 2183 840 2254 L„
862 2203 958 2262 quam·

62 2297 151 2354 quam
181 2279 265 2334 hodie
288 2298 311 2335 a
333 2280 445 2335 Graeco
466 2280 603 2338 vocabulo
630 2281 802 2353 colocasiae,
830 2303 885 2360 quo
907 2305 958 2344 uo·

64 2377 144 2434 ruine
172 2377 254 2435 radix
277 2377 367 2435 edulis
393 2377 510 2456 primum
537 2376 620 2437 fabae
647 2363 796 2458 palustris,
831 2390 896 2461 post
917 2385 959 2444 ari

64 2477 228 2550 dicebatur,
251 2477 415 2537 Kollcaas
436 2478 464 2536 id
487 2479 622 2558 Aegyptii
644 2481 803 2559 appellaut3
826 2485 876 2542 scd
893 2485 956 2546 Ne·

67 2579 225 2639 lambiunt
254 2587 299 2637 est
325 2579 469 2651 lodicum,
500 2577 697 2659 Nymphaea
719 2585 875 2645 Nelumdo
897 2586 957 2658 L„

68 2681 148 2760 cujus
169 2682 253 2760 plane
274 2681 398 2740 earudem
421 2688 549 2740 naturam
572 2702 636 2742 esse
658 2685 748 2743 nostri
769 2687 894 2746 homiues
916 2687 958 2746 di·

69 2788 150 2853 cunt,
179 2783 234 2840 hoc
263 2788 431 2862 argumento
458 2783 572 2855 addito,
606 2783 703 2845 florem
731 2785 822 2846 formo
848 2788 958 2865 quidem

70 2863 294 2961 Nymphaeum
306 2884 431 2956 albam,
453 2885 647 2966 maguitudino
659 2906 726 2946 vcro
740 2886 959 2946 Heloaaclmm

41 3045 44 3052 ¹
72 2999 206 3062 aequore,
230 2984 310 3043 etin
332 2985 396 3043 aliis
427 2987 580 3065 generibus
602 2987 697 3046 colore
718 3005 818 3059 roseo,
845 2988 874 3046 in
895 2989 958 3048 aliis

137 3200 164 3265 ε)
200 3201 265 3251 atta.
283 3199 308 3251 a.
326 3217 351 3250 a.
369 3200 445 3272 xxo,
460 3199 502 3252 51.

138 3299 181 3366 aa)
216 3299 303 3354 Athen,
322 3303 441 3366 Deipnos,
459 3300 495 3353 ΠΙ
512 3317 539 3367 p.
557 3299 601 3353 72
620 3301 657 3351 Xl
673 3319 698 3369 p.
717 3301 776 3356 477.

139 3399 197 3465 ⁰¹²⁰)
235 3399 267 3453 cf.
293 3400 414 3454 Schneid.
435 3397 491 3452 ind.
515 3401 547 3453 ad
572 3399 703 3469 Theophr.
727 3421 748 3456 s.
772 3421 797 3457 v.
821 3423 917 3474 κυαμος
943 3407 957 3456 ὁ

74 3500 224 3566 Αἰγυπτιος.
