2340 4036
176 296 335 358 actaeon
357 297 404 376 Ν.
427 297 657 362 ARGUMEN'F!
673 301 890 364 NARRA'i'iO'.
920 305 984 372 Mi

82 475 116 526 ot
140 468 248 527 turbae
270 465 431 528 triumviros
452 470 488 528 ad
519 469 676 548 pactionem
698 471 885 531 Misenensem
912 473 985 531 baad

82 567 211 628 difficile
231 566 435 648 adegerint⁸).
478 569 583 628 Partus
604 571 667 642 iiie,
700 573 775 651 quod
796 573 919 655 accedit,
950 573 986 632 ad

82 689 183 748 quem,
208 671 282 748 qnod
304 669 426 748 scriptor
448 689 539 729 rerum
560 673 747 732 Romanorum
769 693 850 734 nemu
871 673 915 734 rei
937 674 986 732 ob·

82 770 256 829 scurissime
284 771 416 848 opinatus
437 777 495 842 est,
530 773 650 832 Romani
673 773 797 832 bomines
818 775 985 834 laetissimas
1067 781 1068 786 ’

83 891 154 950 spes
178 871 313 930 retulisse
335 871 479 943 dicuntur,
507 872 535 930 in
558 873 647 952 ipsum
669 873 862 953 insequentem
883 893 985 934 annum

82 971 206 1044 incidit,
238 979 385 1050 postquam
406 971 500 1032 Poiiio
517 973 577 1052 jam
599 981 666 1033 ante
687 975 769 1054 bojas
791 976 897 1035 exitum
917 995 985 1035 con·

83 1073 186 1132 solato
209 1093 242 1131 sc
264 1073 453 1132 abdicaverat.
495 1073 640 1150 Denique,
673 1083 701 1131 ut
725 1095 827 1154 vagum
849 1079 986 1134 soranimn

83 1175 177 1233 semei
201 1173 386 1252 accipiemus,
414 1172 551 1233 iaciamus
572 1179 699 1251 potitam,
727 1193 810 1252 quum
833 1177 985 1254 praedium,

84 1293 145 1352 qno
158 1274 310 1353 'spoliatas
331 1273 441 1345 fuerat,
473 1293 578 1355 magno
600 1274 692 1333 animo
721 1275 880 1334 restitutum
903 1275 985 1336 babe-

82 1381 141 1447 ret,
166 1375 211 1433 ita
232 1374 377 1434 exarsisse
398 1375 517 1447 laetitia,
539 1381 571 1433 ut
590 1375 802 1434 commotionem
823 1376 908 1436 animi
930 1383 985 1436 ιιιιιι

81 1475 190 1534 miram
203 1475 232 1533 in
254 1475 484 1536 vaticinationem
496 1476 651 1536 botariano
673 1475 839 1536 effunderet.
882 1477 985 1536 Verona

81 1577 154 1654 quid
180 1582 253 1648 erat,
275 1577 350 1655 quoti
373 1575 606 1636 officiosissimam
626 1559 846 1657 gratulationem
867 1577 903 1635 do
921 1597 984 1655 spe-

82 1685 161 1736 rato·
175 1677 282 1736 beredo
303 1677 412 1756 imperii
433 1697 489 1736 non
505 1677 560 1756 ipsi
582 1677 744 1756 imperatori
756 1678 852 1737 dicero
872 1677 984 1736 maiiett

83 1779 147 1837 Cur
171 1779 269 1857 inepte
292 1795 354 1836 cam
375 1777 501 1836 Pollioni
521 1777 691 1848 inscribere,
718 1778 799 1857 cujus
820 1777 928 1837 animus
948 1778 985 1836 cie

83 1897 267 1957 quocumque
288 1878 404 1957 imperio
425 1878 509 1938 unius
531 1878 559 1936 in
582 1877 743 1939 universum
764 1879 875 1949 orbem,
903 1897 984 1957 proo-

83 1981 189 2039 scrtim
212 1978 373 2049 Octaviani,
396 1978 540 2056 siparum
561 1995 624 2035 cum
646 1995 683 2035 ex
705 1977 845 2056 prioribus
866 1978 984 2036 actioni·

83 2080 142 2139 bus
167 2087 197 2139 ct
218 2078 401 2138 famiiiaribus
423 2078 598 2136 sermonibus
618 2077 762 2156 cognitum
784 2077 914 2148 baberet,
946 2095 984 2136 ex

83 2181 178 2239 rebus
199 2180 254 2237 boe
276 2197 350 2236 anno
373 2177 464 2256 gestis
485 2179 530 2238 roi
560 2175 746 2236 bebetissimis
768 2178 856 2236 oculis
877 2178 984 2257 perspi-

83 2299 164 2339 cuus
186 2279 268 2336 erati

91 2407 94 2414 ·
181 2376 357 2453 Quicumque
386 2374 459 2433 enirn
481 2373 581 2432 beilum
609 2375 689 2434 civite
711 2375 899 2432 Romanorum
927 2395 983 2434 non

85 2478 208 2538 omnino
237 2476 421 2556 negligenter
441 2474 626 2555 cognoverit,
663 2474 688 2532 is
710 2471 879 2534 intellectum
900 2475 983 2534 babe-

85 2580 141 2652 bit,
164 2555 394 2657 tpnemndmmium
407 2575 577 2654 reipublicae
598 2573 741 2632 studiosos
753 2573 841 2634 fnisse
862 2577 982 2648 nomine,

88 2679 138 2758 qui
160 2697 229 2740 rere
257 2677 351 2736 omnia
372 2677 429 2735 aiia
456 2695 538 2754 quam
559 2675 717 2734 libertatem
745 2681 775 2733 ct
796 2675 914 2753 patriam
935 2695 984 2734 co·

88 2779 229 2860 gitarent,
250 2777 299 2837 ita>
313 2776 403 2836 fuisse
425 2775 658 2835 caesarianorum
680 2793 800 2854 quoque,
821 2793 893 2852 quos
915 2775 984 2832 mui-

89 2881 203 2958 tiplices
224 2879 352 2938 rationes
374 2884 405 2936 et
425 2895 526 2948 curae,
554 2895 610 2954 quo
632 2875 742 2934 minime
763 2875 881 2944 vellent,
909 2891 984 2931 com·

73 2967 238 3058 petierent.
282 2977 386 3036 'Palem
416 2977 528 3055 quidem
554 2975 669 3034 Asinius
695 2973 788 3032 Pollio
810 2991 842 3032 se
868 2972 984 3052 profite-

91 3087 143 3139 tur
160 3080 250 3140 iiteris
271 3079 347 3137 iectu
374 3076 563 3158 dignissimis,
592 3093 664 3154 quac
686 3075 723 3134 ad
745 3073 909 3133 Ciceronem
932 3069 984 3153 (X.

91 3175 244 3260 er—ea)
267 3179 390 3257 scriptae
406 3182 484 3246 ararat,¹
504 3175 615 3253 quibus,
637 3193 720 3253 quum
742 3173 815 3232 bebo
831 3174 985 3234 Mutinensi

92 3299 168 3340 enno
190 3279 308 3338 bccxr
329 3275 487 3356 Hispaniae
507 3273 635 3332 ulteriori
660 3281 813 3352 praeesset,
835 3273 985 3334 amicitiam

162 3493 191 3562 ⁶)
225 3491 316 3548 oram
334 3489 454 3558 xavm,
471 3489 514 3544 ac.
