2380 4028
314 305 466 366 ECLOGA
489 305 534 366 Vl.
580 314 723 370 ra-uo.
908 317 952 380 19

76 473 251 554 colloquium,
276 473 393 580 priscae
418 472 574 554 sapientiae
599 476 726 554 plenum,
741 497 743 502 ·
761 475 849 548 idem,
884 477 951 537 Pin·

75 576 138 636 duro
169 583 286 635 auctore
317 571 490 653 Aristopd.
523 575 606 636 Neo.
635 583 710 652 223,
736 577 811 636 ‘cum
837 577 951 662 Phryge

74 677 200 756 Olympo,
228 675 333 735 musico
361 695 377 734 e
404 676 551 756 disciplina
564 677 702 756 'Marsyae
724 678 834 756 Satyri,
863 697 950 758 qnon-

74 777 132 836 dam
153 776 282 836 institnit.
314 775 460 838 ·Firmilas
481 778 585 839 vinculi
607 799 642 838 ea
662 778 690 837 in
713 799 744 838 rc
765 799 820 838 non
838 789 950 860 reputa·

73 878 163 952 loator,
194 897 279 957 quum
301 879 428 950 Silenus,
462 881 503 938 uti
524 881 583 951 hic,
614 881 655 940 ita
675 881 704 940 in
727 879 818 941 ovidii
841 901 950 960 quoque

72 980 147 1040 Met.
175 981 231 1054 Xl,
256 987 308 1042 91.
336 999 354 1040 a
374 981 535 1062 Phrygibus
557 981 671 1044 rusticis
692 985 824 1042 coronio
846 983 950 1043 vincio·

72 1087 130 1153 tur‚
152 1083 266 1141 Amoris
286 1081 377 1140 instar
397 1081 470 1160 apud
491 1083 712 1160 Anacreontem:

268 1179 350 1232 Sertis
366 1179 461 1232 Amore
477 1177 580 1246 vincto,

268 1263 389 1318 Vinctum
407 1264 501 1318 dedere
517 1264 625 1328 Mosae,

269 1349 390 1404 Servaret
406 1355 434 1402 nt
451 1349 587 1402 Venustus.

71 1433 164 1494 Arabo
192 1443 224 1496 et
253 1438 317 1498 deo
346 1443 469 1506 veteres,
496 1435 532 1496 ad
557 1434 739 1494 imitationem
767 1436 950 1508 Graecorum,

72 1536 149 1596 ctiam
175 1544 279 1616 quarto
301 1547 369 1596 casu
390 1536 529 1596 dicebaut.
571 1535 657 1606 Heio.
681 1537 711 1598 0
728 1557 773 1598 eo·
794 1541 880 1614 ipris
901 1537 950 1596 ha·

72 1635 114 1696 tet
134 1639 278 1700 crebriore
299 1659 352 1698 usu
373 1638 474 1698 tritius.
518 1638 604 1720 Najas
624 1637 750 1718 Aegle,
775 1638 836 1701 aire
857 1639 950 1717 splen·

71 1738 133 1814 dor,
155 1741 242 1802 ricini
263 1738 350 1800 fontis
372 1741 491 1820 nympha
512 1746 556 1800 est
576 1741 618 1812 ΙΙ,
640 1747 695 1814 463
718 1740 816 1802 eodem
838 1739 951 1800 nomine
1011 1747 1016 1758 ’

71 1859 122 1900 una
142 1862 179 1902 ex
201 1841 402 1924 Hesperidibus
424 1861 450 1902 v.
473 1847 529 1912 61,
552 1849 581 1900 at
603 1861 640 1902 ex
662 1841 824 1902 Heliadibus
845 1861 873 1901 v.
898 1849 949 1904 ot.

71 1941 221 2005 dicebatur.
276 1943 427 2002 Petuluote
463 1943 592 2000 nimirum
626 1941 717 2002 animo
749 1942 825 2000 senis
852 1940 952 2002 faciem

69 2044 156 2123 pugni
176 2025 261 2123 captu
281 2062 445 2102 mororum
466 2042 573 2112 oblinit,
595 2051 627 2103 ut
639 2041 684 2102 'ad
705 2040 874 2102 hilaritatem
890 2060 952 2102 eum

69 2145 188 2204 excitet:
218 2145 258 2204 ita
285 2143 315 2202 id
336 2143 396 2222 ipse
423 2142 551 2214 Silenus,
579 2143 615 2201 ad
637 2143 773 2202 Venerem
795 2162 851 2202 uon
873 2142 952 2201 indo-

68 2250 143 2316 ctae,
166 2244 228 2302 risu
249 2263 301 2302 ouo
323 2251 352 2302 et
372 2222 511 2322 praemio,
534 2243 609 2320 quod
629 2243 760 2315 minatur,
782 2243 952 2321 interpreta-

67 2350 112 2403 tos
141 2350 209 2402 est.
227 2343 382 2414 ¹Honorem
407 2341 525 2423 aliquem
552 2341 636 2402 alicui
663 2344 716 2402 hac
737 2342 851 2402 levitate
875 2343 952 2402 habi·
1025 2351 1034 2364 '

66 2453 125 2504 tum
153 2463 233 2515 esse,
260 2444 366 2502 austeri
391 2450 501 2502 'tantum
523 2443 632 2524 opinari
653 2451 785 2524 poteraut
807 2445 950 2504 Gramma·

69 2547 124 2618 tici,
149 2545 198 2624 qui
220 2565 276 2603 non
298 2543 404 2606 frustra
426 2545 557 2604 didicisse
578 2546 689 2620 vellent,
713 2547 781 2604 deos
802 2554 834 2606 et
855 2547 950 2606 trium-

70 2649 187 2725 phantes
209 2646 302 2726 prius,
325 2654 424 2726 postea
446 2647 530 2718 deos,
553 2647 600 2726 qui
622 2647 700 2728 agris
722 2657 880 2726 praeerunt,
903 2669 950 2708 ru·

71 2748 118 2806 bro
140 2747 245 2807 tinctos
266 2745 354 2805 fuisse
375 2747 419 2820 X,
440 2755 491 2834 Ι27,
515 2755 543 2806 et
563 2730 733 2808 Pausaniam
742 2747 770 2826 ¹³)
793 2749 829 2808 de
849 2750 950 2810 incolis

71 2849 221 2909 insularum
255 2849 417 2928 Satyridum
449 2856 587 2928 nmquam
622 2851 657 2908 de
689 2848 780 2910 rubris
812 2849 950 2910 semiferis

71 2950 185 3026 dixisse.
227 2950 369 3030 Nicander
384 2945 498 3034 (fragm.
510 2973 536 3030 p.
546 2949 738 3012 282.N.Vlll.
749 2948 792 3006 ed.
805 2949 949 3032 Schneid.)

72 3049 188 3111 Athen.
212 3051 254 3126 ll,
279 3060 327 3112 11.
350 3072 455 3110 morum
477 3052 551 3110 inter
572 3051 661 3132 prima
682 3055 858 3110 auctumnum
879 3071 949 3109 nun-

72 3151 151 3224 tiare,
173 3159 202 3212 et
224 3153 376 3212 Columella
397 3153 434 3224 X,
456 3160 528 3214 401.
546 3170 685 3209 mororum
697 3149 853 3230 sanguineo
865 3171 949 3211 succo

73 3259 138 3330 post
166 3255 254 3312 ortum
275 3253 427 3314 Caniculae
449 3253 593 3314 candidam
615 3251 751 3310 fiscellam
773 3239 888 3336 manare
909 3254 949 3314 di·

75 3351 120 3412 cit.
163 3353 267 3414 Eodem
287 3361 413 3438 tempore
434 3353 577 3430 saltatrici¹
592 3353 703 3436 Virgilii
724 3375 751 3414 v.
775 3361 831 3426 21:

78 3470 271 3483 Ἣ

145 3519 171 3586 ·)
189 3521 266 3573 Ρ...
283 3521 311 3588 1,
328 3521 376 3586 aa,
398 3521 424 3573 r.
459 3519 526 3573 eon.
543 3519 569 3573 o.
587 3533 613 3612 o.
633 3519 694 3583 vn,
712 3518 737 3572 o.
755 3488 843 3648 torpor:
858 3520 949 3572 neree.
