2280 4022
315 233 470 327 aenaea
491 233 539 294 ιν.
562 193 714 298 so-aa
890 241 958 304 rau

65 399 215 478 fingendi
242 397 297 460 vim
333 399 455 473 habent,
497 400 573 480 quod
605 400 662 460 olio
696 400 759 460 loco
795 399 957 460 videbimus.

70 502 230 576 Magnum
257 501 354 560 locis
376 506 625 574 incrementum,
654 507 700 571 tu,
729 499 777 578 qui
804 499 884 560 lovis
906 502 957 560 sub

71 601 154 658 tutela
181 601 285 678 optima
307 599 483 674 effloresces3
506 602 607 680 quippe
629 599 768 680 primitiae
789 599 900 679 aliquae
929 608 958 660 et

70 700 193 780 princeps
215 700 336 759 futurus.
380 703 452 760 Nam
473 701 539 763 davi
561 702 642 761 initia
664 709 693 760 et
714 701 812 759 summi
834 701 957 760 lrouorcs

71 801 139 860 sacri
160 808 259 860 erant:
282 801 347 860 iude
369 801 474 864 factum
496 811 554 876 est,
582 810 615 862 ut
643 809 739 884 togam
761 803 867 863 virilem
889 802 957 862 tiro·
980 831 982 834 ·

70 900 139 958 cinio
166 903 290 982 juvenes
323 903 443 962 Romani
477 903 506 962 in
540 903 643 982 templo
684 903 764 964 lovis
805 903 958 982 Capitolini

69 1009 221 1074 sumerent3
249 1003 328 1074 inde,
350 1011 383 1062 ut
409 1004 513 1062 Gracci
540 1011 650 1064 oaunrm
673 1023 758 1081 saepe
779 1023 797 1062 a
818 1003 891 1063 Jove
912 1023 957 1062 or-

70 1103 191 1162 direntur
214 1103 268 1174 ΙΙΙ,
297 1112 353 1176 603
380 1101 463 1176 inde,
497 1111 529 1162 ut
557 1102 724 1184 (Ιιοτρεφεις
752 1109 781 1162 et
808 1102 957 1182 dcoyevrcc,

71 1205 180 1264 olavo
208 1204 269 1263 uati
291 1212 321 1262 et
343 1204 470 1276 educati,
500 1203 641 1282 principes
669 1203 838 1262 dicerentur.
881 1204 958 1262 Tar·

69 1303 137 1362 ditas
168 1305 283 1376 exitus,
322 1323 377 1382 quo
407 1323 507 1364 versus
529 1305 558 1362 in
579 1303 693 1363 verbum
714 1307 957 1376 incrementum,

68 1424 116 1482 per
147 1391 285 1484 inplicam
323 1406 496 1484 spondaeum
530 1411 653 1485 auguste
685 1404 835 1477 incedens,
872 1406 957 1478 eadit,

68 1507 214 1583 spaciosae
225 1505 381 1586 majestatis
393 1503 630 1586 significationem
646 1505 739 1564 babet.
783 1506 958 1584 Quicumque

51 1608 208 1666 ·vaterilius
230 1607 399 1686 exprobrat,
422 1607 497 1685 quod
518 1606 620 1688 gravia
640 1606 741 1678 verbo,
764 1607 858 1685 qualia
879 1604 958 1680 Διος

66 1714 93 1766 at
113 1707 211 1778 Jovis,
234 1709 349 1786 syllabis
371 1708 478 1766 duabus
504 1708 636 1786 brevibus
662 1707 781 1778 saltant,
813 1707 838 1766 is
860 1707 958 1767 oblivi-

68 1807 170 1878 scitur,
193 1829 251 1868 non
266 1809 295 1866 in
312 1807 382 1880 illis,
405 1808 521 1887 quadiu
536 1807 632 1880 uobis,
653 1817 834 1899 temporam
847 1827 957 1868 moras

66 1914 94 1965 et
114 1928 271 1968 ramorum
297 1914 384 1968 ictus
415 1905 712 1988 conjunctos·lrrisse;
748 1907 873 1984 quamvis
896 1909 958 1968 hra-

16 2083 17 2088 Ὶ
68 2008 148 2068 viare
171 2009 199 2066 iu
228 1998 394 2080 mura,'vel
416 2009 527 2068 acriore
554 2023 641 2078 sono,
668 2007 792 2084 quadiu
816 2015 878 2066 arte
900 2027 958 2069 mu·

64 2109 125 2167 sica
149 2117 208 2182 cst,
229 2109 275 2170 vel
302 2111 510 2187 repercutiente
540 2109 687 2170 verborum
710 2114 852 2186 potestate
874 2108 958 2185 sylla·

64 2209 129 2268 bam
152 2209 272 2286 aliquam
300 2208 429 2264 eximiam
458 2227 521 2266 csse
550 2208 685 2286 potrdsse.
735 2208 816 2266 Hunc
848 2224 958 2285 quoquo
1020 2186 1022 2194 V

61 2325 181 2367 versum
204 2326 240 2364 ex
263 2306 321 2364 cai
337 2305 475 2384 Virgilius
497 2314 652 2365 correctum
674 2306 815 2376 sumebat,
836 2327 863 2366 v.
887 2315 958 2379 398,

65 2409 162 2468 Cara
182 2407 280 2465 locta
302 2406 448 2476 suboleo,
471 2427 510 2466 m.
532 2407 568 2466 J.
593 2411 615 2466 i.

153 2513 299 2568 50-52.
342 2509 595 2588 Magnumonnuru
612 2507 676 2569 dum
698 2513 775 2566 astra
796 2508 956 2583 conficiunt,

65 2629 135 2688 prae
158 2607 310 2680 felicitato,
333 2628 406 2688 quaa
427 2609 654 2688 appropinquans
672 2609 784 2672 numine
796 2629 848 2671 suo
865 2612 958 2670 omnia

69 2710 223 2782 convomit,
270 2726 363 2772 rerum
401 2710 570 2772 universitas
608 2711 712 2791 ingens
750 2711 881 2789 trepidat.
915 2745 958 2755 -

17 2833 22 2842 ·
68 2809 380 2890 Quantamimaginem!
404 2810 633 2890 ltatllympumin
642 2811 756 2871 Homeri
767 2810 846 2868 libris
856 2831 958 2888 appro-

68 2911 136 2970 hans
158 2910 249 2992 patris
276 2911 392 2969 deorm
414 2918 499 2970 nutus
526 2909 699 2980 tremefacit3
727 2910 768 2966 ita
784 2911 859 2988 juga
880 2927 958 2966 mon·

69 3012 150 3084 tiurn,
180 3013 272 3070 undae
294 3012 409 3070 marium
437 3031 504 3090 prae
528 3012 581 3070 diis
603 3009 816 3070 advenientibus
838 3010 956 3086 saltant;

68 3111 121 3183 ita,
150 3131 234 3190 quum
251 3111 380 3170 Plutonis
398 3119 525 3190 potestas
545 3111 711 3170 adrcditum
724 3109 881 3188 Eurydicen
895 3130 957 3170 cor·
1068 3110 1070 3114 ’

69 3213 182 3291 ciperet,
203 3212 320 3293 fragore
327 3213 418 3270 Orcus
430 3228 585 3269 concussus
597 3218 655 3281 est3
678 3217 707 3268 et
720 3211 756 3268 ad
769 3212 845 3290 ipsos
857 3220 957 3270 cantus

69 3314 184 3372 altiores
197 3313 312 3392 spiritua
327 3332 412 3390 saepe
426 3309 570 3370 cacumina
581 3310 652 3370 silva
664 3317 828 3372 commovet.
852 3314 956 3372 Eadem

70 3414 239 3473 sublimitate
250 3414 285 3472 dc
300 3420 383 3492 pacta
401 3411 573 3470 redemtione
592 3411 796 3492 Klopstockius
818 3412 934 3504 cecinit:
