2380 4028
188 277 237 340 ss
439 269 593 328 ECLOGA
613 269 667 340 Vl,-
688 274 835 332 64-66.

189 436 358 518 goodiorunr
384 437 507 516 scriptor
535 437 699 508 Romanus,
725 436 853 494 reuntori
880 435 965 496 elieui
988 435 1081 496 nobili

145 523 150 530 ¹
189 539 218 598 Ι.
241 538 373 610 Coesuri,
405 539 516 616 quoties
537 537 562 596 is
584 532 781 616 in'poiltururn
802 543 913 596 coetum
936 537 1078 610 reniebxt,

151 649 156 658 '
187 659 334 718 numquam
363 639 519 721 adsurgere
544 639 669 710 solebat,
703 658 758 698 non
787 637 930 698 irnnrenror
958 639 1075 718 quiden,

188 741 262 800 illius
284 739 407 811 ordinis,
429 742 479 800 sed
501 741 632 819 quonism
654 739 715 812 lrio,
737 740 785 800 ubi
807 741 842 800 de
864 741 996 820 scriptis,
1019 761 1076 800 non

130 895 131 900 ,
188 842 223 902 de
245 843 379 921 nrojorunr
400 841 583 922 imaginibus,
606 850 747 902 certarnen
770 849 861 914 esset,
889 842 1003 900 sibimet
1024 841 1079 921 ipsi

188 943 250 1023 plus
277 943 427 1002 tribuebat.
471 943 592 1024 Virgilio
615 950 646 1002 et
665 943 735 1022 ipsi,
764 963 846 1022 quun
869 964 906 1002 ex
928 945 993 1024 ejus
1014 963 1077 1004 ver·

187 1045 265 1105 sibus
293 1045 323 1104 io
350 1047 460 1104 tlreetro
487 1045 666 1116 audirentur,
699 1045 848 1106 uniuersus
875 1045 994 1124 populun
1017 1045 1075 1104 llo-

188 1167 288 1208 nonus
314 1147 490 1220 adsurrexit,
516 1132 546 1206 et
573 1144 648 1206 forte
670 1147 943 1224 praesenteminter
964 1155 1076 1225 speetu-

188 1257 267 1309 tores
300 1256 411 1328 politam
442 1269 497 1308 non
513 1267 608 1308 serus
633 1255 718 1326 obque
744 1251 903 1330 Augustum
930 1248 1076 1308 reveritur

188 1358 241 1410 ert.
284 1353 450 1410 Postremus
470 1369 569 1411 rersus
590 1333 787 1421 erortorious'
805 1349 942 1428 exemplis
964 1357 1022 1420 est,
1046 1351 1076 1410 in

188 1452 289 1531 quibus
319 1472 418 1512 rusus
445 1451 546 1510 incisio
574 1471 635 1510 oum
663 1451 990 1512 incisiono‘seutentioo
1014 1453 1075 1512 non

62 1556 64 1562 ’
187 1552 334 1634 congruit3
369 1573 468 1612 versus
496 1552 606 1629 quidem
633 1553 668 1610 od
690 1549 827 1624 Plroedr‘,
859 1553 1004 1612 sententis
1024 1553 1074 1612 de-

186 1674 258 1713 murn
281 1654 317 1712 od
338 1650 458 1712 chorus
479 1652 592 1724 residit3
621 1651 660 1712 of.
682 1655 736 1727 ΙΙΙ,
767 1663 834 1715 33.ι
861 1654 993 1712 Eximius
1013 1655 1073 1732 qui-

187 1757 249 1814 dom
278 1761 378 1834 poeto,
406 1755 486 1834 cujus
508 1754 653 1834 proeolors
674 1756 758 1822 etism
780 1755 808 1814 in
832 1753 987 1814 doetrinom
1009 1775 1073 1814 ver·

185 1877 266 1918 mum
298 1855 399 1916 merito
430 1875 510 1916 uerno
543 1877 587 1914 me
608 1856 773 1938 religiosius
800 1863 929 1928 veretur,
965 1877 1003 1916 ex
1027 1856 1072 1916 lris

186 1959 322 2039 exemplis
355 1957 480 2039 eolligit,
512 1965 625 2022 veteres
656 1977 756 2019 versus
789 1960 970 2025 hexametros
996 1957 1073 2018 nullu

185 2063 323 2124 inrisione
348 2061 473 2120 seribere
494 2059 679 2134 sustinuisse,
703 2067 732 2118 et
753 2060 834 2118 nobis
855 2050 969 2139 quoque
989 2079 1072 2139 prue-

186 2171 296 2245 ceptum
324 2169 389 2242 post
416 2162 530 2243 longum
559 2162 604 2222 vel
631 2162 743 2220 brevem
766 2161 900 2240 syllohom
928 2162 957 2220 io
983 2161 1068 2220 tertio

143 2307 146 2322 ι
184 2267 257 2338 ictu,
291 2271 320 2324 et
348 2269 413 2343 post
439 2265 554 2344 longum
585 2262 613 2321 in
636 2269 736 2342 quorlo
758 2263 899 2324 incidendi
921 2263 1072 2344 negligere

184 2369 281 2430 licere.
325 2367 382 2424 Sed
406 2385 487 2424 nemo
509 2366 636 2424 Grnorus
658 2367 837 2426 llornoousve
858 2372 927 2424 onte
948 2364 1072 2425 norissi-

185 2489 247 2530 nros
272 2466 447 2544 Byzantinos
474 2466 547 2523 bone
568 2465 695 2545 regulum
717 2467 862 2548 migravit;
891 2485 974 2524 nerno
996 2485 1072 2526 unur

102 2635 109 2660 ἱ
185 2587 284 2630 uersus
310 2567 489 2624 hexametros
511 2565 641 2643 scripsit,
664 2567 763 2644 quibus
785 2569 828 2628 vel
850 2567 1001 2628 volubilior
1021 2568 1070 2628 illn

184 2688 264 2730 mors
291 2687 356 2728 uiro
377 2667 551 2726 indiuiduo
577 2667 734 2728 uocabulo
757 2670 964 2741 retardaretur,
993 2670 1069 2748 qnod

183 2790 292 2856 genusr

161 2915 164 2924 .
249 2888 333 2952 letut,
359 2883 409 2938 wie
431 2883 473 2936 die
496 2885 625 2950 nogende
647 2884 768 2939 Meerdut
803 2884 809 2954 l
845 2887 988 2952 donnerte,
1015 2883 1070 2939 heb

333 2969 388 3023 sioh
405 2968 543 3024 Poseidon.

183 3081 260 3142 Suus
275 3096 359 3139 veros

247 3196 331 3257 reret,
368 3189 419 3242 wie
445 3190 491 3243 der
514 3190 659 3256 wogenden
681 3190 768 3244 Meerr
805 3191 810 3258 Ι
845 3191 909 3243 Flnt
931 3191 1068 3255 donnerte,
1178 3201 1181 3208 '

331 3274 383 3328 lrob
400 3273 455 3326 siolo
473 3274 609 3329 Poseidon.

183 3381 282 3450 Qualis
302 3399 401 3442 versus
422 3379 599 3450 hexameter,
621 3381 751 3458 quonium
773 3387 837 3460 post
857 3381 973 3441 Mem
994 3379 1066 3440 lenis
1184 3441 1187 3456 ,

183 3479 377 3560 requiesset,
408 3500 464 3538 non
486 3486 593 3538 tanturn
615 3483 792 3556 conceditur,
820 3483 885 3556 sed,
913 3483 949 3542 ob
972 3482 1067 3563 longi-
