2444 4020
324 327 327 331 ι
362 243 812 316 ECLOGAvlll,101-103.
965 255 1027 318 rer

137 411 238 471 bestiis
262 409 415 470 incantatis
435 411 510 470 Plio.
531 413 609 484 Vlll,
643 422 697 485 34,
727 415 762 472 dc
778 411 880 471 defixis
899 412 1030 474 Manibus

139 521 169 574 et
197 511 312 584 animis,
346 513 382 571 de
398 513 687 594 evocatisucgetibns
705 515 823 593 aliisque
840 514 930 574 turbis
946 515 1029 588 detis,

139 615 210 674 orbe
227 613 255 672 in
274 615 389 692 Europa
404 613 440 672 ab
457 614 620 674 auctoribus
638 633 772 675 novarum
791 615 959 696 religionum
971 617 1030 674 llo-

140 715 232 774 manis
248 714 441 786 circumlatae,
464 735 524 774 curn
545 716 654 794 reliqua
670 700 786 776 coborte
803 717 948 795 Papistica
961 737 1031 796 pau·

139 816 217 874 lutino
237 835 406 876 evanescere
426 817 566 878 videnlur.
610 818 746 898 imprimis
762 817 961 877 fabulabantur
977 821 1031 886 Ar·

141 917 240 986 cedes,
268 917 297 976 in
316 919 488 995 pervetustis
503 920 631 978 lrumonis
648 919 749 978 lrostiis
764 919 845 979 lovis
864 919 970 997 Lycaei
986 939 1030 978 re·

141 1039 205 1098 gem
225 1038 280 1076 non
299 1025 407 1078 tantum
426 1019 615 1097 Lycaonem
630 1022 745 1092 lupum
761 1019 865 1084 sactum
885 1039 958 1090 esse,
981 1021 1032 1078 red

142 1119 213 1178 alios
238 1139 349 1198 quoque
375 1127 440 1198 post
464 1139 526 1178 eun
549 1120 621 1178 bene
644 1120 763 1192 multos3
797 1120 859 1197 qui,
890 1120 915 1178 si
936 1121 1032 1178 decem

141 1241 233 1279 anuos
249 1240 336 1278 carne
352 1221 473 1279 bumana
492 1220 685 1290 abstinebunt,
708 1221 799 1278 denuo
815 1218 931 1278 ¹fiebant
946 1219 1034 1278 borni·

142 1341 202 1380 nes.
248 1321 428 1380 Maledictum
447 1341 559 1399 quoque
578 1322 733 1380 Rauranum
752 1324 953 1395 versipellis,
975 1323 1033 1400 pel·

32 1418 34 1422 ’
141 1423 195 1480 lero
229 1428 354 1492 mutans,
394 1421 532 1480 bominem
564 1421 734 1503 designabat
760 1442 797 1481 ex
819 1423 885 1501 lupo
908 1421 1032 1482 luctum:

105 1559 107 1564 ,
141 1523 372 1602 quemadmodum
389 1523 462 1602 apud
479 1523 643 1582 Petronium
655 1523 736 1582 LXll
754 1523 866 1602 uliquis,
888 1531 1034 1602 postquam

141 1645 204 1696 curn
223 1623 313 1683 stellis
333 1624 467 1702 loquutus
485 1632 543 1696 est,
566 1631 662 1686 vestes
682 1624 771 1697 exuit,
794 1625 823 1683 in
846 1632 948 1685 exutor
965 1625 1043 1684 nin:

143 1725 197 1806 git,
219 1731 250 1782 ut
272 1725 344 1802 lapis
363 1724 450 1796 fiant,
473 1731 503 1783 et
521 1733 639 1804 repente
659 1726 742 1803 lupus
761 1724 855 1786 factus
875 1733 904 1785 et
923 1727 1034 1786 ululans

143 1827 172 1884 in
192 1825 279 1886 silvas
297 1824 368 1894 ruit,
398 1824 534 1902 indeque,
562 1843 667 1904 pecora
682 1831 830 1902 rapturas,
853 1825 882 1884 iu
900 1825 980 1884 aulas
996 1827 1034 1885 ir·

126 1927 256 2004 -ruorpit
301 1923 418 1982 Animae
445 1931 618 1982 mortuorum
639 1925 667 1982 iu
693 1925 807 1982 sedibus
829 1933 912 1983 erant
936 1925 1035 1984 inferis

143 2027 227 2097 tlrci3
255 2031 414 2105 rogaturae
430 2030 524 2082 autem
543 2031 593 2082 aut
608 2043 693 2102 mago
710 2016 902 2108 ocepopdrcrr
917 2045 1034 2103 respon-

144 2146 243 2198 surae,
272 2147 308 2186 ex
323 2130 407 2204 ¹e'mc'a
429 2119 615 2198 sepulchris
637 2125 672 2182 ud
695 2144 814 2201 superos
836 2125 1040 2185 ascendebant

143 2227 258 2307 Magum
280 2246 358 2286 suono
379 2225 478 2284 laudat
499 2225 632 2282 Tibullus
654 2226 681 2294 l,
705 2232 738 2293 2,
761 2229 819 2284 45:

212 2358 285 2409 Haec
307 2361 382 2408 centu
399 2355 525 2422 finditque
542 2357 624 2406 solum
633 2393 643 2420 ,
665 2356 810 2422 Manesque
826 2355 968 2424 sepulchris

298 2438 386 2504 Elicit,
405 2445 431 2492 ct
448 2437 536 2507 tepido
554 2439 663 2492 devocat
680 2455 739 2491 ossa
756 2455 832 2504 rogo.

154 2513 161 2518 ’
211 2527 268 2578 lem
285 2529 356 2577 tenet
372 2523 486 2578 internas
503 2522 605 2590 magico
623 2523 734 2576 stridore
751 2528 881 2584 catervas:

295 2609 351 2660 lam
365 2607 440 2673 jubet
457 2609 593 2676 adspersas
610 2610 677 2660 lecte
694 2605 791 2660 referre
807 2609 909 2676 pedem.

143 2731 279 2809 Fruges
292 2741 488 2821 'excaecare
513 2729 589 2789 serio
611 2729 638 2786 in
658 2699 771 2809 legibus
789 2727 934 2786 duodecim
955 2727 1036 2786 tabu-

143 2831 233 2892 larum
254 2830 489 2900 interdicebatur,
515 2847 657 2906 saepeque
680 2829 707 2886 io
723 2827 838 2906 judiciis
858 2827 968 2888 crimini
986 2828 1036 2885 da-

145 2933 228 2990 batur
254 2931 309 2990 [ιιι.
338 2931 365 2999 l,
399 2935 470 2989 162.
513 2930 544 2986 ln
574 2927 723 2986 Hafniensi
755 2923 786 2988 C
811 2934 856 2986 est
882 2947 1034 2986 messem:
1143 2915 1145 2924 ¹

146 3033 329 3090 mendumnel
362 3049 398 3087 on
428 3027 507 3106 prior
528 3028 629 3105 aliquia
651 3027 804 3105 scripserat
825 3047 907 3106 eque
928 3033 1036 3090 satir?

232 3137 409 3192 tot—103.
452 3129 605 3187 Extremus
627 3131 746 3186 conatus
768 3128 796 3184 in
818 3129 887 3190 dura
905 3127 1036 3208 praecor·
1095 3111 1098 3117 V

146 3235 193 3294 diu
218 3230 376 3311 Deplroidis
403 3229 511 3301 lactus,
548 3229 596 3308 qui
624 3229 746 3288 nondum
773 3230 871 3292 uenire
897 3232 965 3292 vult.
993 3265 1033 3279 -··

145 3337 177 3396 ln
200 3354 251 3395 era
272 3332 388 3414 primurn
410 3349 494 3392 sucre
514 3331 641 3414 uirgulta
662 3349 722 3390 curn
746 3333 842 3404 tbure,
865 3340 932 3413 post
952 3353 1037 3394 cerea

148 3435 262 3520 effigies
289 3453 352 3495 curu
375 3435 449 3494 melu
471 3435 561 3507 salsa,
592 3433 766 3515 germinibus
788 3435 892 3494 laureis
914 3443 944 3495 et
964 3436 1038 3496 bitu·
