2412 4028
188 287 238 347 40
457 274 611 334 ECLOGA
633 273 667 332 ll.
685 267 817 333 'o-ls

166 461 168 466 ·
190 447 241 504 lius
258 444 397 504 umbrosis
414 452 444 502 et
459 443 574 521 rupibus
592 441 738 522 quiescere
748 440 921 523 jubebuntur
938 439 1086 498 occelli.

190 547 238 616 lll,
262 554 337 616 3313
360 551 389 604 et
407 551 464 604 turn
485 543 545 602 dies
566 549 649 601 erunt
669 541 768 600 messis
785 539 953 620 longissimi.
1000 541 1087 614 Cap-

168 673 173 680 ³
190 659 264 706 tare
271 649 431 722 frigora,
455 643 535 723 quusi
546 643 654 702 inlriore
670 641 782 723 frigori.
832 639 957 702 Viridis
976 643 1087 701 lacer-

191 759 260 819 tus,
284 747 365 826 cujus
383 754 484 806 riuturu
500 745 603 804 coloris
616 764 712 802 umens
731 749 790 813 est,
813 743 883 800 lutet
900 749 993 800 tannen
1014 762 1088 821 proc

191 847 303 906 iminoni
325 853 414 906 cestu.
468 845 641 906 Tlreocrilnr
670 843 767 904 eodem
795 843 878 902 niodo
902 841 1087 902 meridianum

191 957 298 1008 nestum
316 947 491 1008 adumbravit
508 946 566 1017 Vll,
581 953 635 1006 22:

197 1092 199 1098 ·
258 1080 334 1132 Nunc
351 1078 428 1157 etiarn
446 1094 549 1130 somnos
567 1077 692 1145 praebent
709 1076 812 1127 ‹lurneta
829 1073 941 1126 lacertis.

191 1201 246 1259 Ubi
258 1197 304 1282 ἐφ’
320 1195 491 1276 αἱμασιαισι
505 1198 531 1254 in
548 1199 703 1268 dumosis,
727 1195 846 1274 indeque
856 1193 1004 1265 umbrosis,
1027 1197 1093 1254 ruu-¹

136 1321 138 1334 ¹
192 1299 354 1371 oculisest,
377 1299 457 1376 cujus
479 1297 594 1376 generis
616 1298 751 1378 subulcus·
767 1298 867 1376 Odyss.
881 1293 957 1366 XlV,
982 1304 1022 1356 10
1039 1317 1085 1354 se-

192 1409 268 1478 pturn
295 1397 423 1456 habebut.
467 1399 609 1471 Spineta
632 1394 721 1476 oeque
746 1404 831 1476 atque
853 1400 943 1458 (lomi
962 1395 1017 1455 Lb.
1037 1397 1085 1468 lv,

193 1510 254 1560 130
273 1499 307 1558 de
322 1495 454 1571 sepibus
470 1501 614 1573 spinosis
627 1495 702 1555 forte
716 1497 790 1556 dicto
809 1505 888 1569 sunt,
909 1517 980 1576 quus
995 1499 1086 1576 Cory·

193 1595 247 1658 don
266 1599 294 1656 in
312 1597 413 1656 itinere
433 1603 593 1676 repererut3
615 1597 698 1655 simili
718 1599 800 1656 inodo
818 1599 839 1669 l,
858 1604 898 1659 54
915 1601 1084 1671 salictum,

193 1712 319 1773 septum
338 1703 381 1756 est
399 1701 548 1756 salicum.
597 1697 736 1757 Lacerto'
753 1699 826 1759 virili
845 1719 953 1780 genere
976 1699 1005 1758 in
1021 1701 1086 1758 Vir·

193 1799 254 1880 gilii
278 1806 344 1856 sunt
368 1797 421 1856 Lo.
446 1797 498 1868 lV,
525 1807 575 1858 13.
621 1797 785 1857 llufnlensis
805 1797 876 1858 liber
896 1799 932 1859 B
954 1799 1084 1860 exhibet:

193 1899 289 1958 Nurac
309 1899 409 1956 ertum
432 1901 601 1957 occultant
618 1901 745 1960 virides
769 1905 901 1973 epirreta
925 1904 1084 1960 lacertae.

193 2000 361 2058 Messores
380 2017 504 2076 quoque,
532 1999 579 2076 qui
598 1999 673 2058 inter
691 2001 826 2058 ulrnorurn
850 2001 964 2059 ordines
985 2001 1084 2083 fruges

188 2099 350 2190 rnetebont,
384 2100 563 2156 meridianum
588 2099 708 2175 quietern
726 2099 855 2178 cupiunt,
877 2122 996 2180 seseque
1020 2101 1083 2184 reli-

193 2199 279 2256 ciunt.
324 2197 472 2256 'l'lreocrit
488 2197 526 2268 X,
542 2206 597 2259 50:

260 2327 418 2396 Principium
435 2328 526 2380 messis
544 2328 578 2381 sit
596 2331 688 2382 alenda
705 2331 789 2384 cubile
806 2331 963 2400 relinquens,

259 2411 333 2464 Finis
352 2413 400 2464 erit
417 2413 556 2475 recubans3
575 2416 679 2480 parilem
697 2422 797 2466 cessate
814 2418 909 2468 calore.

193 2547 353 2622 Thestylis,
383 2547 497 2625 juvenis
520 2566 658 2608 conserve
674 2569 701 2608 v.
721 2557 777 2622 4³,
800 2553 934 2611 reorterio
961 2553 1084 2614 confecit

192 2657 363 2717 moretum,
394 2650 569 2719 allianum
593 2648 657 2706 nun
679 2651 799 2710 allium
820 2671 881 2711 cirin
905 2654 968 2713 ullis
990 2655 1084 2716 herbis

192 2745 317 2816 acribus,
341 2747 449 2804 recenti
469 2765 568 2818 caseo,
596 2748 660 2806 oleo
684 2757 714 2808 et
734 2752 793 2810 sule
811 2754 945 2812 mortorio
965 2764 1084 2814 contun-

193 2845 286 2904 debat.
327 2846 389 2906 lloc
409 2845 569 2918 obsonium,
604 2867 659 2927 quo
682 2850 724 2926 uti
742 2853 872 2912 solebant
893 2856 1015 2914 Romani
1037 2872 1084 2914 ru-

192 2945 271 3016 stici,
292 2945 393 3007 milites
415 2953 445 3006 et
460 2954 578 3019 nautae,
601 2951 755 3010 valetudini
774 2956 932 3014 conducere
951 2963 982 3014 et
999 2975 1083 3017 vene·

192 3045 239 3104 nis
255 3045 356 3104 obesse
371 3045 535 3124 putubatur3
558 3067 613 3126 quo
634 3070 689 3110 non
709 3059 816 3112 tuntum
833 3075 940 3134 pauper
959 3056 1083 3116 Simulus

191 3157 304 3206 noret.
317 3153 474 3206 86-118
486 3167 517 3206 sc
528 3147 681 3222 reficiebat,
701 3155 751 3212 seo
764 3153 929 3214 fastidiosus
940 3156 1083 3236 ipselloe·

119 3247 123 3254 '
192 3263 292 3314 conus,
326 3245 484 3306 accuratius
506 3248 632 3308 nimirurn
659 3253 686 3311 io
714 3261 913 3333 temperatum,
946 3259 1082 3329 consuet,

181 3345 266 3421 -quonl
276 3363 364 3425 aegre
376 3345 440 3404 tulit
452 3346 570 3410 convivo
588 3351 648 3428 ojus
660 3353 794 3415 Horatius
811 3357 902 3436 llpod.
912 3359 961 3418 lll.
1005 3361 1082 3418 Ser·

188 3447 330 3523 pollutor,
362 3442 703 3528 reymetsuernyllm
717 3456 759 3514 L.
788 3455 1079 3532 Rapnlueaeum,
