2444 4020
439 213 595 284 nenoen
616 216 691 288 vui,
713 220 765 308 cs.
976 229 1044 292 ree

150 388 208 442 aa
229 380 357 443 osiana
400 379 483 440 omn
503 382 603 460 procul
625 382 709 442 onon
728 382 803 462 spuo
819 382 933 464 vargina
949 370 1045 446 ush-

149 484 228 564 plar,
256 479 443 540 Theocritum
467 481 507 555 ΙΙ,
535 492 591 555 17,
613 483 814 544 Abracndabra
834 483 956 560 efficax,
984 486 1045 549 sire

149 585 226 664 quod
238 582 315 642 aliud
327 567 465 662 ejusmodi
476 585 713 644 incantamentum
725 585 762 644 ad
773 585 975 648 conversiones
986 593 1045 646 tor-

151 686 226 745 hiois
242 683 346 764 magici
357 685 589 756 murmurabatur,
612 705 698 746 versu
709 685 872 746 intercalari
885 685 1043 747 inducitur:

214 799 299 865 Ἴῒιγξ,
318 798 373 848 i'iac
394 797 427 850 τι)
452 799 531 863 τῆνον
549 799 613 868 ἐμὸν
624 799 692 850 ’ποτὶ
709 799 786 866 δῶμα
802 799 850 852 τὸν
866 792 960 869 ἄνδρα.

217 887 289 950 Duc,
308 900 374 950 age,
392 885 468 938 turbo
485 885 568 938 virum
586 891 693 956 propter
710 903 768 940 inea
785 885 874 938 limina
891 887 1009 940 volvens.

150 988 206 1055 thoi
227 989 311 1047 turbo
334 1008 396 1048 cum
418 987 529 1046 intenta
550 993 655 1067 ὄψῳ
675 990 736 1050 sire
757 991 923 1068 Torquilla,
945 989 1044 1068 lynx

156 1091 335 1170 Torqeilla
366 1088 428 1161 Ia,
464 1090 545 1168 cujus
572 1089 663 1148 cauda
689 1091 847 1169 collumque
872 1089 975 1149 mobile
1000 1089 1043 1148 in·

150 1192 237 1270 quieti
264 1190 368 1250 amoris
394 1189 490 1271 imago
519 1210 583 1250 csse
610 1190 772 1264 uidebatur,
805 1190 890 1250 etiam
916 1189 1043 1269 apertius

148 1293 178 1352 in
199 1292 382 1372 sequentibus
402 1311 431 1352 v.
454 1299 495 1352 30
517 1291 699 1353 describitur:

250 1406 301 1458 Hic
318 1406 441 1486 rhombus
458 1407 568 1460 Veneris
584 1406 689 1460 monitis
707 1411 736 1459 ut
753 1405 866 1458 aheneus
884 1408 962 1472 errat,

182 1499 187 1505 “
251 1491 329 1542 Erret
345 1490 382 1542 ita
397 1491 447 1544 iste
463 1487 533 1542 fores
551 1491 582 1542 ad
600 1496 703 1544 nostras
719 1489 824 1556 ignibus
842 1489 946 1542 ardens.

149 1593 266 1655 Pindari
294 1588 477 1672 σχολιιιστὴς
502 1591 601 1672 Pyrr.
625 1595 677 1670 lv,
706 1603 768 1657 380
790 1591 962 1675 defigentem
984 1609 1044 1650 mu-

149 1696 246 1756 liere·
273 1701 372 1755 narrat
398 1695 513 1774 iyngem
539 1715 618 1756 ovem
647 1703 770 1774 quatuor
796 1695 939 1754 radiorum
960 1699 1043 1752 rotae

149 1796 276 1877 illigare,
305 1813 387 1872 quam
409 1812 472 1852 curn
494 1795 664 1854 carminibus
684 1797 815 1867 volvere;
836 1794 900 1854 aliis
920 1792 1044 1853 anctori-

151 1897 203 1956 bus
225 1895 286 1955 auis
307 1894 363 1952 ilia·
378 1899 509 1950 extracta
529 1893 633 1952 circum
654 1901 746 1952 rotam
768 1895 933 1952 tetendisse.
967 1893 1043 1950 Ter-

151 1995 219 2054 tiam
247 1992 396 2072 ‚rationem
435 1992 564 2050 Tactzes
599 1994 674 2071 apud
706 1994 921 2071 Lycophronem
954 1990 1043 2063 norit,

153 2117 233 2158 arem
270 2095 306 2154 ad
341 2112 451 2158 cereum
480 2093 624 2152 rhombum
651 2113 737 2173 super
764 2093 935 2152 corbonibus
957 2091 1046 2170 lique·

152 2216 233 2256 scere
260 2193 401 2254 debuisse.
444 2194 566 2252 Michael
586 2195 698 2282 Psellps
724 2195 799 2272 apud
826 2194 977 2253 Seldenum
1004 2195 1046 2252 de

153 2298 236 2356 Diis
258 2297 336 2372 Syr.
358 2293 398 2367 Ι,
426 2302 443 2354 2
465 2295 648 2354 Hecateam
668 2299 866 2374 vertiginem
887 2295 1044 2352 Chaldaeo·

152 2417 214 2457 rum
236 2395 392 2474 sapientum
414 2395 562 2473 sphaeram
584 2396 710 2456 declarat
728 2393 817 2454 luisse
833 2415 956 2468 auream,
979 2413 1044 2473 sap·

151 2498 233 2578 phire
255 2496 363 2582 medio,
396 2502 539 2575 totamque
560 2497 771 2556 characteribus
793 2504 933 2568 notatam,
962 2515 1044 2574 quaro

151 2599 226 2658 inter
263 2597 454 2678 deroveudum
485 2597 548 2656 loro
579 2599 682 2658 bubalo
709 2598 797 2671 verti3
828 2601 914 2670 tales,
942 2597 1043 2676 inquit,

151 2706 272 2780 ὅμηροι
300 2717 411 2777 quoque
439 2701 632 2780 appellantnr3
658 2700 703 2762 vel
725 2700 890 2777 sphaericae
911 2704 978 2756 sunt
998 2696 1044 2756 vel

151 2801 315 2879 triangulae
346 2801 391 2859 vel
423 2801 480 2859 alia
516 2799 617 2860 forma.
681 2800 837 2858 Rhombum
870 2796 1045 2877 triangulum

153 2899 272 2981 (tribus,
313 2899 430 2976 opinor,
467 2899 637 2960 transversis
671 2899 823 2980 gradibus,
855 2897 1045 2955 trochlearum
1079 2929 1087 2934 -

153 3008 313 3059 nostrarum
339 2995 460 3078 instar),
493 3001 646 3058 seeundum
673 2994 858 3076 σχολιαστὴν
885 2996 1045 3070 Theocriti,

152 3100 266 3162 Atticae
291 3099 480 3160 adhibuerunt
507 3119 626 3180 magne,
659 3099 790 3178 quoniam
817 3105 876 3160 tres
902 3097 1045 3178 perlectus

154 3201 193 3262 sit
213 3219 360 3272 numerus3
383 3219 484 3258 nomen
506 3200 629 3260 Atticum
652 3195 770 3283 ῥόμβος
791 3208 863 3276 erat,
885 3221 937 3280 pro
954 3200 1045 3282 magis

153 3302 267 3384 vulgari
288 3294 417 3383 ῥόμβος,
440 3301 515 3374 sive,
537 3303 612 3381 quod
633 3297 816 3381 σχολιαστὴς
836 3301 981 3382 Apollonii
1001 3321 1046 3362 re·

83 3401 86 3410 ’
153 3404 225 3480 fert,
252 3396 391 3486 ῥόμβιον.
435 3405 480 3464 llx
509 3404 710 3486 epigrammate
737 3403 929 3486 Anthologiae
955 3403 1045 3462 Brun·
