2280 4022
325 302 478 363 ECLOGA
500 303 534 363 V.
557 311 705 368 74-80.
893 315 960 378 Mi

66 478 139 529 teste
167 470 322 530 Plutarcho
329 515 339 544 ,
378 472 470 532 viulas
502 474 596 543 albas,
625 493 707 532 roras
738 481 768 534 et
797 473 964 552 hyacinthos

65 578 266 642 centemnunt,
289 572 422 650 optimam
446 593 498 632 eac
520 573 585 632 inde
608 594 625 632 a
647 574 770 632 solstitia
793 575 861 645 mei,
887 576 963 646 sive,
1036 631 1040 641 ,

64 673 139 752 quad
161 671 361 731 anteferebat
383 673 495 750 opinio,
524 695 616 732 cerem
639 675 805 735 saeuissime
828 675 962 756 fragran-

64 783 118 831 tem
141 774 178 832 ad
201 774 253 832 nuci
277 775 565 852 comprehendendum
581 777 720 856 coliigunt
742 778 795 837 ta.
819 780 866 849 lv,
893 786 961 838 ΙΙΙ.

64 875 227 942 cummunis
254 871 386 954 thymus
420 877 611 936 Romanarum
647 875 792 956 Thyreae
825 888 869 938 cst
890 883 962 940 vul·

61 982 161 1054 garis
184 976 245 1048 L.,
269 997 373 1055 parvus
394 977 490 1038 frutex
519 988 632 1038 erectus
655 988 684 1036 et
707 1000 849 1050 ruinosus,
877 981 962 1058 spicis

62 1077 160 1138 darum
190 1077 316 1146 suaviter
344 1079 493 1149 alentium,
524 1080 572 1157 qui
600 1080 687 1160 plaga
721 1082 876 1140 meridiana
909 1101 961 1140 suu

63 1187 164 1258 rpnnte
187 1179 215 1238 iu
239 1199 334 1238 macra
357 1185 388 1238 et
414 1179 542 1258 lapidoso
572 1180 634 1238 saio
658 1179 836 1261 nascitw).
881 1181 960 1258 'Phy-
1015 1189 1020 1210 ¹

61 1301 120 1338 rans
144 1279 173 1338 in
196 1299 277 1340 urunt
299 1281 392 1359 apium
415 1301 452 1340 ex
473 1282 570 1340 Attica
593 1281 713 1358 petitus,
743 1283 827 1360 cujus
851 1285 959 1360 capitu·

61 1382 124 1452 lati,
151 1382 263 1440 candidi
285 1390 314 1442 et
337 1383 470 1461 purpurei
485 1381 571 1442 flores
584 1382 669 1440 etiarn
692 1383 790 1440 meiius
812 1383 959 1455 condiunt,

62 1485 215 1544 Creticus
249 1483 309 1544 sive
337 1485 465 1544 Graccus
495 1484 604 1561 thymus
627 1491 684 1554 est,
718 1485 882 1558 Satureja
903 1505 958 1550 ca·¹
1018 1551 1023 1558 Δ

56 1590 172 1658 pitata
193 1585 235 1643 L.
254 1581 316 1665 Ἰ),
339 1585 517 1644 Muretimo
531 1586 565 1642 ab
589 1585 683 1655 italis,
706 1586 836 1664 queniam
860 1605 957 1646 aurant

59 1686 226 1746 maritimam
255 1687 412 1757 desiderat,
440 1685 541 1746 dictus.
592 1687 719 1746 Cicada
746 1688 849 1768 plagae
877 1687 957 1745 rucri-

59 1788 179 1859 dianae,
210 1788 308 1846 cicada
338 1787 496 1846 surcularia
532 1782 795 1866 (linteamine),
832 1789 959 1848 Cicada

56 1890 192 1963 plebeja
220 1897 250 1948 et
270 1887 364 1953 ,orni
386 1888 447 1959 L.,
476 1909 549 1966 quac
571 1889 653 1946 etiarn
677 1896 777 1946 canter
800 1887 956 1969 (dirigor)

59 1997 88 2048 et
116 2011 135 2049 a
161 1989 279 2048 Batauis
306 1990 334 2048 in
361 1989 492 2048 America
518 1989 623 2066 lyricen
652 1989 821 2066 (Leierer)
845 1989 957 2060 dicitur,

59 2091 209 2148 rotundior
231 2096 290 2160 est,
313 2109 394 2168 quarn
408 2091 554 2158 locusta,
577 2111 594 2148 e
616 2089 697 2150 viridi
714 2089 854 2168 nigrare!
876 2087 958 2148 fusca

58 2201 87 2251 et
110 2192 197 2250 luteis
219 2191 333 2251 maculis
356 2211 527 2267 conspersa,
551 2191 604 2248 alis
626 2190 789 2269 pellucidis,
817 2211 890 2268 quae
911 2191 955 2250 fu-

56 2295 117 2352 scis
140 2291 255 2348 maculis
283 2309 454 2368 conspersae
481 2297 562 2359 sunt,
597 2291 675 2350 venis
703 2291 954 2352 intervenientibus

55 2393 103 2454 vel
128 2390 275 2471 argenteis
296 2391 341 2450 uei
362 2389 550 2470 ferrugineis,
573 2390 702 2468 infraque
729 2392 904 2452 menbranae
926 2394 953 2452 in

57 2499 191 2572 pectere,
213 2510 285 2569 quac
307 2511 400 2550 nerent
422 2511 566 2550 suusurrum
596 2490 737 2564 efficiunt,
766 2512 803 2550 ex
826 2513 876 2551 are
898 2473 954 2554 triu

58 2595 107 2654 fila
129 2613 199 2654 caua
220 2601 250 2651 et
276 2614 381 2652 carnea
401 2601 542 2664 exeunt„
557 2594 658 2671 quibus
686 2614 799 2654 succum
820 2593 951 2660 foliarum

59 2706 89 2754 et
109 2695 224 2766 flarurn,
247 2703 278 2753 at
300 2687 481 2773 crispiniane
503 2703 628 2756 veterum
646 2695 682 2754 nii
700 2706 813 2774 praeter
833 2718 951 2767 rorem,

60 2798 147 2877 sugit.
197 2797 294 2876 Neque
321 2815 435 2875 campas
462 2803 592 2874 apertos,
623 2817 675 2856 nec
703 2795 811 2876 frigida
839 2805 869 2858 et
890 2818 947 2856 urn-

61 2899 144 2958 irrasa
166 2918 281 2958 neruara
302 2897 425 2968 inabitat,
448 2905 478 2956 et
500 2897 528 2956 in
558 2906 640 2958 aestu
663 2898 776 2956 circiter
798 2896 947 2956 solstitium

61 3001 150 3072 carnit,
172 3019 254 3078 quum
277 3019 293 3058 e
321 2999 517 3079 tettiganetra
538 2999 610 3058 exiit
625 2995 699 3077 ⁰⁰¹).
743 2995 859 3056 Hesiodi
887 3017 950 3058 scu·

62 3113 115 3159 turn
139 3123 164 3162 v.
188 3109 265 3162 393:

62 3231 262 3242 ——n——q--n-

129 3320 154 3380 Ἰ
188 3317 309 3370 Dioscor.
327 3317 377 3380 ΙΙΙ,
395 3314 437 3367 ΙΙ.
512 3325 515 3330 ’
766 3363 769 3370 ,

131 3421 173 3486 ⁰⁶)
208 3417 346 3472 censentit
362 3411 490 3484 sprenger
507 3415 540 3466 ad
552 3413 684 3484 Tireophr.
703 3413 727 3466 lt.
749 3417 782 3482 pt.
803 3417 822 3480 Ι,
843 3418 888 3482 tu,
906 3418 931 3468 Ἰ.

131 3521 189 3585 Μ·)
223 3519 291 3573 ιιι..
311 3521 361 3582 xr,
379 3518 426 3582 ua,
444 3517 488 3570 ιι.
703 3597 747 3653 w
