2444 4020
407 208 561 270 naboon
584 210 740 270 DECIMA.
961 219 1021 282 191

119 373 229 443 Venit
251 380 285 438 et
306 371 421 460 upilio,
444 373 530 440 tardi
551 393 675 440 venere
696 368 842 456 bubulci,

120 473 253 540 Uvitlu‘s
274 473 414 538 hiberna
435 474 525 540 venit
547 475 589 540 de
611 474 735 560 glande
756 472 941 540 Menaious.
1022 462 1064 525 ²⁰

123 574 273 658 Omnes,
296 576 383 640 unde
405 595 500 640 amor
520 575 603 658 iste,
634 582 771 660 rogant,
801 573 879 640 tibii
922 573 1023 642 Venit

125 775 247 859 Galle,
270 774 347 860 quid
368 774 513 840 insaniei
533 674 736 861 ssfqziiotua
757 795 839 840 cura
860 774 1001 856 Lycoris

123 875 260 964 Parque
288 875 381 940 nives
412 875 512 940 alium
533 897 658 962 perque
679 875 813 940 horrida
835 883 949 942 castra
970 897 1021 942 sc·

535 983 614 1040 outa
636 971 702 1040 est!
821 999 827 1015 „

125 1073 232 1141 Venit
255 1081 289 1139 et
310 1071 438 1160 agresti
459 1074 579 1160 capitis
601 1073 757 1138 Silvanus
778 1073 915 1160 honore,

124 1175 306 1241 Florentes
328 1174 455 1240 ferulas
479 1181 513 1239 at
539 1174 681 1258 grandia
701 1173 772 1238 lilia
793 1195 967 1260 quassans
1021 1185 1064 1253 25

124 1276 219 1358 Pan,
242 1278 324 1340 deus
337 1272 517 1358 Arcadiae,
540 1273 643 1340 venit=
666 1294 764 1358 quem
787 1273 925 1338 vidimus
946 1273 1021 1360 ipsi,

125 1373 330 1458 sanguineis
353 1373 442 1440 ebuli
462 1371 578 1439 baccis
600 1374 764 1460 minioque
784 1374 969 1441 rubentem.

125 1475 252 1562 Ecquis
280 1475 344 1540 erit
370 1475 507 1540 modusi
538 1474 651 1560 inquit.
706 1474 812 1540 Amor
842 1496 907 1540 uon
939 1475 1022 1542 talia

126 1676 202 1742 Nec
222 1675 370 1742 lacrimis
396 1571 686 1777 crudelisclxiriclrr,
713 1695 779 1744 nec
804 1676 958 1762 gramina
982 1676 1024 1740 ri·
1112 1761 1120 1770 .

128 1876 203 1943 Neo
234 1859 340 1956 cytiso
372 1797 695 2020 naturantrxs'apqs,
725 1895 791 1940 neo
816 1873 935 1940 froude
968 1883 1063 1947 caat)

129 2073 255 2141 Tristis
277 2081 314 2140 ut
334 2073 406 2142 illa:
429 1973 768 2156 Tumegeilaaritebitis,
790 2073 956 2158 Arcades,
977 2072 1023 2138 in-

129 2275 297 2342 Montibus
318 2276 405 2340 haec
426 2180 648 2351 vestrisqugt'rli
669 2278 808 2338 cantaro
829 2272 927 2357 periti

130 2373 298 2442 Arcades!
324 2373 354 2439 0
377 2373 455 2438 mihi
476 2380 545 2438 tum
567 2393 666 2458 quam
680 2371 824 2438 molliter
835 2393 915 2438 osse
936 2372 1023 2460 qnie-

131 2576 257 2645 Vostra
278 2596 372 2641 moos
394 2575 470 2639 olim
494 2574 522 2639 si
536 2482 654 2640 ⁸153:ss
676 2573 766 2640 dicat
787 2573 934 2640 amores!

130 2677 240 2763 Atque
261 2675 387 2758 utinam
410 2697 453 2741 ex
474 2675 566 2741 vobis
587 2697 683 2758 unus,
703 2675 870 2760 vestrique
884 2675 1066 2752 fuissem35

130 2777 199 2842 Aut
220 2785 332 2842 custos
355 2776 469 2862 gregis
492 2784 550 2840 ant
571 2783 723 2840 maturae
751 2775 869 2838 vinitor
891 2773 991 2838 uvae!

132 2875 255 2960 Certe,
278 2877 348 2939 sive
371 2875 449 2938 mihi
471 2871 615 2956 Phyllis,
639 2873 709 2937 sive
733 2879 826 2938 esset
846 2872 1022 2956 Amyntae,

131 2975 200 3041 Seu
226 2975 423 3060 quicumque
449 2972 557 3056 furor,
597 2972 688 3058 (quid
720 2981 807 3057 tum,
848 2971 878 3038 si
907 2971 1050 3038 fuscus

535 3074 722 3153 Amyntasi

130 3176 174 3242 Et
194 3176 312 3260 nigrae
333 3173 459 3256 viciae,
482 3182 558 3240 sunt
580 3183 615 3240 et
635 3172 788 3239 vaccinia
808 3172 941 3258 nigrai)

9 3359 10 3386 ἦ
130 3277 264 3342 Mecum
285 3274 372 3340 int'er
393 3273 539 3358 salices,
566 3273 660 3340 lenta
681 3272 742 3339 sub
763 3273 830 3339 vito
846 3271 995 3354 jaceret!
1021 3287 1066 3355 40

131 3377 232 3447 Serta
253 3376 331 3444 mihi
351 3373 479 3500 qultu
500 3374 650 3462 legeret,
673 3380 827 3442 cantaret
842 3371 1021 3456 Amyntas!
