2444 4020
203 278 294 364 ¹⁰⁶.
449 266 604 382 reuoca
624 210 676 338 ul,
699 268 835 376 oe-oa.

202 455 264 499 rnen
285 435 314 494 in
337 437 482 513 poetarum
503 451 620 492 numero
642 433 816 492 nominatum
836 431 892 503 sit,
922 452 960 492 eu
985 439 1018 492 et
1039 435 1097 513 ipen

202 556 298 596 senem
332 554 376 592 me
407 553 602 594 aerumnosum
637 533 759 604 deserit,
793 539 823 591 et
848 538 905 590 tam
934 553 1032 594 rauce
1055 533 1094 605 tt,

201 636 282 716 quasi
303 655 347 694 me
369 637 469 709 lupus
491 633 570 713 prior
590 632 701 695 viderit.
745 633 854 692 Fabula
875 634 1046 712 popularia,
1070 633 1093 692 ei

200 739 264 817 quis
285 741 401 814 repente
421 735 517 812 lupum
539 734 719 812 adspexerit,
741 733 803 812 ipse
824 733 902 812 prior
925 733 1027 806 risus,
1048 755 1095 795 vo-

200 858 259 898 cem
281 837 308 894 ei
329 835 431 914 perire,
454 837 540 892 multo
562 841 625 894 erat
646 841 713 894 ante
734 833 1022 910 TheocritumxXlV,
1049 841 1096 904 22,

127 1014 132 1018 -
198 937 247 996 ubi
267 936 297 994 in
317 928 444 1006 Λύκου,
462 933 576 1016 juvenis
598 934 731 1014 alicujus,
754 953 789 993 eu
810 935 975 1012 adspectum
999 941 1095 1000 trane

198 1038 307 1099 fertur:

266 1145 327 1196 Nou
343 1139 479 1210 loqueris?
501 1139 599 1195 viditue
614 1143 691 1208 lopus
708 1137 756 1192 tel
780 1143 808 1192 ut
824 1137 912 1192 sabula
927 1139 1005 1194 ludit.

147 1293 150 1296 .
199 1240 262 1298 Jam
283 1237 425 1296 ¹Platonis
452 1237 481 1296 in
509 1235 664 1314 Republica
690 1235 744 1294 hoc
770 1235 921 1313 proverbio
949 1235 1092 1295 Socraten
1202 1291 1203 1310 ,

199 1340 235 1398 de
255 1337 353 1398 feroce
374 1337 588 1414 Thrasymacho
609 1335 712 1394 utitur:
736 1335 846 1400 Quodsi
863 1355 919 1393 non
936 1336 1018 1414 prior
1032 1356 1089 1418 ego

199 1459 261 1498 eum
283 1439 430 1511 vidissem3
452 1457 538 1509 voce,
560 1437 659 1507 credo,
682 1455 773 1494 essem
794 1435 930 1514 privatur.
975 1438 1009 1494 ln
1032 1439 1089 1496 lta·

197 1539 236 1598 lia
263 1558 389 1616 quoque,
416 1537 527 1595 Plinius
549 1537 640 1615 inquit
661 1537 743 1608 Vlll,
773 1543 828 1606 34,
856 1537 986 1615 luporum
1008 1537 1084 1598 visua
1202 1537 1203 1560 ¹

197 1638 301 1696 noxius
323 1655 388 1694 esse
409 1635 552 1706 creditur,
583 1657 737 1715 vocemque
758 1635 878 1710 lrornini,
907 1656 987 1715 quem
1007 1637 1083 1716 prio·

196 1757 243 1797 ree
265 1735 506 1814 contemplentur,
523 1733 600 1794 illico
621 1737 755 1796 adimere.
797 1737 872 1796 llinc
894 1737 1011 1799 Servius
1033 1735 1082 1816 (cf.
1202 1794 1203 1818 ¹

196 1839 302 1898 Donat.
330 1837 366 1896 ad
401 1837 476 1896 Ter.
504 1833 647 1913 Adelph.
675 1838 729 1909 lV,
764 1845 797 1910 1,
828 1836 883 1919 21)
905 1839 1080 1918 prouerbium

195 1941 413 2018 iuterpretatur:
436 1940 537 2012 lopus
555 1942 592 1996 ire
600 1937 746 2010 fabula5
769 1939 901 2023 quoniam
919 1940 1080 2018 repentinae
1202 1976 1203 1990 η

195 2042 333 2101 adventuo
363 2039 439 2118 ejus,
474 2039 510 2097 de
531 2057 587 2116 quo
607 2038 761 2116 loquimur,
794 2045 827 2097 ut
849 2039 1080 2112 obmutescamus,

193 2139 273 2200 lacit.
316 2138 433 2198 Scilicet
453 2158 471 2197 e
491 2138 619 2197 Moeridc
639 2159 697 2196 nou
720 2138 826 2218 magis,
850 2159 930 2222 quam
951 2141 1081 2200 Socratis
1202 2145 1203 2156 ¹

196 2261 373 2320 apersona,
394 2239 514 2299 alienum
536 2238 632 2312 fuerit,
655 2239 731 2298 salse
751 2241 928 2319 repentinam
948 2242 1083 2321 irruptio·
1202 2310 1203 2328 χ

194 2361 258 2400 nem
286 2339 398 2420 rapacis
420 2339 515 2398 militie
536 2339 686 2419 proverbio
708 2346 833 2400 notasse.
877 2343 990 2409 Tamen
1012 2345 1084 2403 Me·

193 2443 310 2500 auleas
323 2446 444 2510 ,nostem
479 2441 536 2501 divi
557 2441 626 2500 Julii
647 2441 779 2500 Caesarie
794 2443 944 2514 'laudator,
971 2444 1083 2504 llloerie

192 2538 299 2617 adjicit,
321 2537 356 2595 ab
378 2539 500 2596 nominis
520 2541 642 2628 haerede
656 2541 741 2600 Laris
763 2543 882 2608 benefici
903 2545 1080 2617 certioretur,

141 2667 143 2672 ·
191 2646 276 2716 teque
305 2655 362 2694 non
389 2636 495 2708 minue,
523 2659 605 2716 qnam
632 2649 762 2702 caeteros
790 2644 923 2703 Caesaris
946 2647 1079 2716 cultores,

190 2739 278 2799 totius
300 2737 437 2819 podmatie
457 2739 557 2798 crebra
578 2739 730 2801 iteratione
751 2741 925 2804 laetificabit.

276 2842 412 2902 56—65.
455 2839 500 2898 An
527 2839 716 2900 infirmitatem
738 2844 888 2903 memoriae
910 2851 942 2902 tu
965 2853 996 2904 et
1017 2867 1081 2917 rau·

191 2943 304 3002 citatem
324 2941 404 3004 vocis
424 2942 588 3020 praetexisl
609 2943 730 3016 locaris,
754 2947 999 3023 mequemorando
1012 2967 1080 3006 oan-

191 3049 238 3100 tus
255 3042 298 3104 vie
320 3043 491 3120 cupidiorem
511 3043 635 3104 efficere.
677 3044 757 3125 Age,
785 3065 856 3105 cane
877 3047 973 3105 modo!
1004 3047 1080 3106 Ven-

190 3148 283 3200 torum
304 3142 444 3201 silentinm
466 3165 522 3203 non
545 3144 638 3226 magis
660 3145 811 3218 blanditur,
833 3166 915 3225 quam
935 3165 1036 3226 parum
1050 3148 1078 3206 id

190 3247 236 3298 eet
260 3243 396 3302 lateribus
424 3239 613 3322 (pulmonibus
639 3266 665 3307 v·
690 3245 781 3306 θίαν.
803 3248 888 3308 Era.
910 3268 934 3306 s.
954 3247 997 3328 v.)
1021 3249 1078 3308 tuis

189 3340 319 3415 noxinm3
362 3349 511 3420 praeterea
548 3347 660 3425 paulum
698 3347 744 3408 lric
780 3347 848 3408 licet
885 3334 1074 3426 requiescere.

190 3439 298 3505 Quodsi
320 3441 439 3518 pluviam
460 3443 588 3506 timemur
610 3446 793 3520 oborientem,
815 3467 901 3526 porro
917 3469 1020 3522 eamus,
1043 3456 1074 3506 et
