2340 4036
298 292 456 392 accuso
475 297 522 356 ov.
546 305 692 360 11-17.
888 307 955 376 ooo
1012 347 1017 362 .
1102 271 1104 282 '

152 387 169 420 N

64 462 123 524 fieri
144 461 293 524 dicebatur
313 483 420 546 magno
433 465 682 526 annuStuicurum
702 465 853 526 mundano.
894 467 954 528 Sed

64 571 124 624 utut
143 565 226 646 Magi
248 585 310 626 eum
331 565 439 624 Stoicis
460 567 504 626 vel
522 566 702 626 consentiant
722 567 768 628 vel
790 567 824 626 ulo
847 567 882 626 iis
897 567 953 628 dis·

64 667 201 726 sentiant:
224 673 368 726 extremus
390 686 482 726 annus
504 666 630 746 Sibyllae
651 668 809 727 mundanus
830 668 882 728 sub
898 670 952 728 Sa·

63 767 95 826 lis
116 768 159 828 uel
180 767 321 846 Apollinis
344 774 407 826 erat
428 767 559 848 imperio,
591 775 621 828 et
641 769 745 828 licebat
766 768 886 850 Virgilio
909 770 952 830 in-

64 855 234 928 constantem
262 868 413 950 imaginem
440 889 508 928 suos
535 870 571 928 ad
598 889 666 928 usus
688 869 831 930 adhibere.
873 869 952 931 llaec

64 970 124 1048 ejus
143 977 188 1028 est
210 970 364 1030 sententia.
404 967 546 1047 Apollo,
574 971 707 1050 pharetra
728 978 758 1030 et
778 971 841 1050 lyra
861 971 951 1053 insig-

64 1070 121 1142 nis,
142 1071 191 1132 illa
209 1077 242 1128 ut
262 1071 361 1130 malum
373 1069 522 1142 defendat,
545 1067 735 1144 ἀλεξικακος,
757 1072 868 1150 qualem
889 1092 952 1130 eum

62 1171 193 1230 Horatius
217 1173 230 1230 l
252 1171 305 1230 0d.
329 1180 368 1234 21
387 1171 484 1251 pupuli
501 1171 622 1230 Romani
644 1171 758 1230 invocat
778 1171 879 1244 saluti3
900 1174 961 1232 hoo

63 1281 91 1334 ut
110 1274 245 1334 sublimes
272 1273 392 1333 virtutes
410 1279 513 1344 'cunat,
543 1285 668 1352 regnat
687 1292 791 1346 meac,
819 1274 950 1332 mundum

62 1375 96 1434 ad
120 1375 264 1436 instantes
292 1372 443 1433 felicitates
470 1381 503 1432 ut
524 1375 636 1453 expiet:
666 1381 696 1434 et
715 1375 785 1433 illud
807 1375 950 1454 imperium

62 1495 108 1552 per
127 1477 306 1554 sacerdotem
335 1493 431 1546 suurn,
460 1474 617 1534 Asinium
642 1476 828 1536 Pollionem
849 1495 950 1534 consu·

61 1575 125 1648 lem,
147 1584 281 1647 excreat,
308 1576 390 1656 cujus
417 1575 445 1634 in
470 1575 571 1634 laudea
594 1577 704 1658 Ecloga
725 1577 835 1660 dicitur.
879 1577 951 1636 Nam

60 1676 147 1738 Pallio
170 1699 243 1758 pace
271 1697 327 1736 uon
354 1684 460 1735 tantum
488 1678 524 1736 ad
545 1678 726 1738 Brundisium
748 1677 825 1738 facta
845 1685 950 1738 taeter·

60 1777 117 1836 rimi
143 1779 212 1843 belli
243 1801 261 1838 a
289 1777 424 1836 Romanis
451 1775 608 1838 huminibus
638 1785 745 1858 pestem
775 1779 892 1852 avertit,
920 1785 950 1838 et

60 1878 138 1938 etiam
162 1879 437 1943 nuuc-ulciscendae
458 1879 553 1960 pergit
574 1901 601 1940 v.
626 1887 665 1940 14
683 1879 834 1960 impietatis
855 1879 949 1938 delere

59 1981 195 2062 uestigia3
218 1961 269 2040 scd
292 1982 374 2040 ducet
396 1981 480 2040 etiam
493 1999 585 2060 genus
604 1979 827 2040 heroumoriens
849 2001 875 2040 v.
899 1983 949 2053 15,

59 2081 136 2159 cujus
157 2083 298 2161 primitiae
312 2082 407 2162 'ipsius
429 2080 503 2140 filius
526 2081 595 2153 erit,
625 2081 734 2142 divinus
755 2081 871 2140 heroum
893 2080 950 2142 vir-

58 2187 150 2254 tutes,
182 2183 322 2240 mentibus
349 2189 471 2259 pu'o'seos
502 2188 531 2240 et
564 2181 756 2261 philosophiae
784 2182 820 2242 ad
854 2182 949 2242 studia

56 2282 192 2340 excitattis
213 2301 241 2341 v.
263 2289 316 2342 26.
364 2281 445 2354 Gens¹
468 2279 644 2353 Polliouum,
676 2282 750 2358 quod
778 2281 949 2362 Pomponius

56 2381 228 2453 arbitratur,
250 2399 315 2438 num
337 2379 373 2438 ab
390 2379 521 2460 Apolline
543 2380 626 2440 etiam
648 2386 738 2440 ortam
760 2401 792 2441 se
819 2401 882 2440 esse
903 2383 950 2464 ja·

58 2481 193 2554 currerit,
216 2481 244 2540 id
266 2481 380 2543 missum
402 2479 547 2540 faciamus.
593 2482 743 2542 Caesarem
765 2483 947 2544 Octavianum

59 2583 182 2659 quidem,
211 2581 259 2662 qui
290 2589 382 2643 tamen
411 2581 609 2642 Dionelllol'
630 2603 654 2645 c.
679 2592 695 2645 1
720 2591 807 2656 teste,
830 2605 848 2644 a
869 2585 946 2644 Julia

61 2683 181 2744 Caesare
214 2685 277 2764 ipso
312 2682 385 2742 filius
417 2683 555 2762 Apollinis
583 2685 811 2757 existimabatur,
845 2686 948 2764 quique

61 2793 122 2860 pust
149 2787 202 2846 sibi
234 2774 486 2864 impensiusdranc
519 2786 755 2866 propinquitatem
788 2785 947 2866 flagitabat,

61 2882 87 2940 in
113 2887 160 2944 illu
188 2907 281 2945 rerum
312 2893 388 2946 statu
415 2906 473 2944 nun
505 2887 597 2968 magis
628 2887 764 2968 Virgilius
786 2887 947 2968 intelligere

62 2986 168 3059 putuit,
190 3007 271 3066 quam
290 2988 476 3050 'Servaturem
496 2997 638 3060 nostruin,
666 3008 748 3066 quem
770 2987 815 3045 hic
836 3005 947 3066 quoque

61 3069 268 3166 corrumpentes
286 3088 452 3148 obtrudunt:
476 3101 542 3160 aut,
566 3087 641 3166 quod
663 3087 816 3168 desperans
838 3089 946 3148 demum

63 3184 158 3264 aliquis
180 3187 306 3273 arripere
334 3188 440 3270 putuit,
470 3188 553 3247 istum
575 3188 665 3268 ipsum
686 3208 802 3268 puerum
823 3191 946 3268 noudum

63 3295 141 3360 partu
162 3289 277 3348 editum.
348 3293 351 3302 “

143 3395 291 3450 11-17.
334 3391 399 3460 Te,
426 3390 507 3468 cujus
538 3407 591 3468 ope
624 3389 724 3468 Apollo
756 3392 832 3472 jam,
869 3391 947 3454 Deua

65 3505 265 3562 averruncum,
293 3491 458 3569 promissum
480 3488 624 3570 imperium
646 3500 777 3564 exercet,
815 3493 863 3552 Te
884 3493 946 3572 ipso
1027 3507 1031 3514 ’
