2444 4020
190 297 259 361 ddi)
425 287 581 348 ECLOGA
603 287 677 358 vul,
700 287 837 348 73-75.

188 459 354 518 ulterutram
383 454 514 514 deducat.
556 453 727 513 Tertiumne
754 452 863 534 igiturl
896 454 942 512 lta
963 453 1090 515 videtur.

188 556 325 630 Venetici,
346 575 384 615 ex
406 563 522 615 auctore
544 553 849 633 quodamantiquiore
869 555 965 615 scribe
986 555 1088 628 retem,

189 658 249 740 qui·
265 657 393 718 Serrium
421 656 566 734 excerpsit
593 654 671 734 (nam
701 656 738 714 ed
759 676 787 716 v.
810 665 851 718 80
873 655 935 734 ipsc
958 654 1089 736 obloqui·

189 756 264 839 tur),
286 757 421 817 amatoris
442 755 568 836 effigiem
588 755 805 816 circumferunt:
833 777 935 816 unam
956 777 995 816 ex
1018 759 1089 831 lino,

187 862 332 920 alcoram
354 858 399 916 cx'
414 857 485 930 luto,
507 862 644 916 tertiam
666 877 703 915 ex
726 875 802 916 ecre.
847 858 969 917 Canidia
991 867 1088 918 autern

189 959 304 1020 Horatii
326 960 400 1018 Sat.
422 960 449 1032 Ι,
479 968 512 1032 8,
542 966 582 1018 ³0
609 959 743 1037 majorem
769 958 921 1041 imaginem
950 964 1089 1039 proponit

92 1133 95 1140 p
189 1063 316 1133 lunam
353 1061 487 1120 minorem
518 1077 647 1130 ceream,
685 1077 774 1137 quae,
809 1059 884 1118 illam
919 1060 1087 1139 suppliciter

190 1181 287 1235 orans,
308 1181 428 1242 poenam
448 1167 596 1240 exspectet
616 1159 748 1218 incendii.
792 1160 890 1242 lunago
912 1161 971 1220 illic
989 1180 1087 1240 qucrn-

190 1263 339 1325 admodum
359 1265 443 1324 lanea
464 1263 551 1341 ipsam
573 1261 720 1323 Canidiam
742 1260 898 1341 significat,
922 1283 979 1320 non
1002 1263 1088 1322 aliter

191 1371 318 1424 ausuum
344 1365 381 1424 ad
410 1383 521 1446 megum
543 1363 622 1442 prius
644 1361 847 1422 circumvoluta
868 1371 994 1442 spectet,
1024 1365 1086 1424 sire

156 1445 159 1450 Ι
191 1485 227 1526 ca
256 1486 294 1525 cx
320 1465 379 1524 lino
406 1465 460 1540 sit,
492 1465 566 1543 quod
589 1471 670 1524 vetus
690 1463 831 1542 interpres
853 1465 982 1535 volabat,
1013 1464 1083 1546 sire,

190 1585 253 1627 cum
285 1566 458 1636 Horatiana,
496 1567 590 1623 lanes.
634 1567 739 1624 Suasa
764 1569 874 1639 ipsius
901 1571 1083 1644 imagineas

189 1685 247 1726 uon
269 1665 360 1724 minus
383 1684 464 1742 quum
486 1657 631 1724 turbinem*
646 1665 702 1724 filis
725 1665 918 1728 cirmrmvolrit
933 1668 970 1726 nd
987 1667 1084 1726 iuuan-

189 1767 304 1827 tnndnm
324 1765 493 1838 valentibus,
516 1785 589 1845 quae
610 1768 692 1846 plura
714 1767 826 1826 Horatii
848 1765 977 1828 malefica
997 1789 1025 1828 r.
1043 1775 1083 1829 49

190 1868 254 1948 ipsa
273 1867 303 1927 in
326 1866 447 1928 brachiis
468 1867 560 1948 gerit,
588 1876 631 1942 et,
659 1869 738 1948 quasi
761 1870 941 1942 adorantem,
963 1877 1008 1928 ter
1027 1870 1083 1928 cir-

189 1989 252 2031 curn
278 1989 356 2030 nrum
382 1969 537 2050 circumagi
559 1970 651 2049 jubet.
695 1971 774 2030 Duas
795 1970 936 2052 imagines
956 1970 1081 2050 Daphni·
1132 2043 1134 2050 Ι

191 2071 236 2131 dis
266 2077 297 2131 ct
321 2071 503 2151 argillacecm
531 2078 561 2129 et
586 2091 696 2130 ceream
724 2077 791 2149 post
816 2073 980 2151 Amaryllidi
1006 2091 1081 2130 com-

189 2172 289 2245 mittit,
322 2171 575 2232 eircumroluturne
607 2191 663 2230 non
698 2178 823 2245 tautum,
856 2176 906 2233 sed
946 2177 1079 2238 Verteris

190 2295 303 2356 qnoque
333 2275 431 2334 nodis
461 2273 633 2354 illigatnrac.
688 2273 771 2333 lilla
801 2293 839 2334 ex
874 2279 953 2336 licio
985 2276 1081 2346 laneo,

115 2444 117 2456 Ι
189 2378 251 2439 sive
288 2374 515 2436 extremitatibus
548 2379 702 2434 staminis
734 2376 769 2435 ad
802 2376 885 2436 telam
918 2377 1079 2460 farcimen,

162 2505 167 2520 =
190 2478 274 2536 trium
300 2477 423 2534 colorum
452 2482 542 2534 crant.
585 2477 687 2536 Lana
713 2477 749 2535 ad
776 2495 874 2536 necros
896 2497 962 2538 usus
982 2477 1079 2557 impri·

189 2577 243 2634 mis
268 2574 467 2644 adhibebatur3
501 2581 531 2632 et
557 2576 755 2635 Artemidorus
778 2579 814 2638 dc
841 2580 958 2638 somniis
984 2581 1076 2648 dccet,

188 2676 274 2738 sertis
298 2661 488 2735 leucis'varii
513 2676 617 2733 coloris
638 2677 842 2740 fascinationes
863 2687 893 2738 ct
914 2679 1079 2741 devotiones

186 2778 327 2861 portendi.
370 2776 462 2836 lltianr
484 2777 519 2834 ad
541 2777 735 2856 depellendum
752 2781 992 2841 incantamentum
1009 2801 1079 2840 nnus

187 2882 318 2943 Petronii
342 2901 361 2939 e
393 2887 447 2941 131
471 2871 562 2938 licium
586 2881 769 2958 protrahebat
789 2903 826 2942 ex
848 2884 910 2942 sinu
932 2882 990 2941 filis
1012 2883 1079 2942 urul-

187 2984 353 3052 ticoloribus
378 2989 520 3055 coactum
553 2987 584 3041 et
609 2981 706 3040 Plinio
727 2990 844 3042 auctore
865 2983 1004 3056 xxviii,
1041 2991 1078 3046 12

183 3089 296 3160 licium,
318 3105 417 3146 noveru
439 3090 488 3144 aut
509 3091 617 3163 septem
638 3083 720 3142 nodis
743 3084 886 3156 innexum,
909 3086 997 3144 certis
1018 3085 1079 3165 qui-

187 3189 303 3250 busdam
328 3187 485 3246 tumoribus
512 3185 617 3246 mederi
638 3184 793 3244 dicebatur.
843 3187 964 3259 Terea,
989 3187 1078 3266 tripli·

188 3290 247 3364 cia,
275 3290 332 3348 tria
352 3305 416 3347 esse
436 3287 569 3346 videntur
589 3286 808 3366 uuiuscujusque
828 3288 948 3348 coloris:
976 3307 1076 3348 secun-

140 3433 143 3440 ,
190 3389 253 3448 dum
280 3389 409 3450 Servium
431 3385 487 3444 tria
507 3388 641 3461 candida,
669 3388 726 3447 trin
746 3407 831 3448 rosea
852 3397 883 3448 et
903 3389 960 3449 tria
982 3389 1074 3471 nigra.

190 3489 273 3552 llaec
292 3488 342 3550 tiln
367 3497 412 3549 ter
433 3493 514 3546 terna
535 3489 635 3549 unum
654 3509 782 3550 nouem
794 3487 863 3563 fila
884 3490 1011 3565 dicebat,
1046 3491 1075 3550 in
