2340 4036
318 205 322 208 ’
358 251 512 318 aennon
535 253 581 315 ιν.
605 235 724 322 s-a
911 263 974 326 rar
1079 271 1083 276 ·

82 425 282 504 temporibus
286 465 296 500 ,
319 439 392 504 qnae
402 429 524 504 quatuor
539 421 679 482 aetatibus
691 427 838 504 poetarum
855 439 977 504 respon-

82 525 195 584 debant.
239 524 298 584 ista
316 525 423 584 decem
442 525 581 584 saecula
592 523 711 583 notitiae
721 525 865 606 popularis
876 520 974 599 inissa,

80 627 207 684 narratio
230 625 323 686 Servii
345 625 380 683 ad
403 623 463 684 uel.
486 625 538 695 lx,
561 630 602 685 47·
624 626 791 684 documento
815 634 875 686 este
909 627 975 685 vni-

81 727 182 784 oatium
210 727 386 804 haruspicem
416 733 560 796 cometen,
595 727 642 804 qui
671 735 736 804 post
763 729 877 786 caedem
906 728 974 788 Juiii
1063 751 1070 762 ¹

81 826 212 887 Caesaris
235 825 403 906 apparebat,
435 827 547 908 signum
575 821 603 884 in
633 827 771 886 concione
798 833 878 888 noni
900 849 973 890 eae-

81 929 148 987 cala·
169 927 303 988 exeuntis
326 935 354 986 et
373 931 490 987 decimi
508 927 645 986 ordientis
662 929 836 1000 declarasse,
859 935 889 988 et
909 951 973 1008 pro·

79 1035 191 1106 pterea,
222 1029 296 1108 quod
325 1049 457 1088 arcanum
480 1029 595 1086 deorum
624 1029 771 1086 consilium
793 1026 972 1108 prodidisset,

80 1129 264 1209 interipsum
286 1131 455 1208 loquendum
478 1125 668 1187 exanimatum
690 1131 883 1207 procubuisse.
915 1131 974 1212 igi-

79 1235 123 1287 tnr
150 1234 342 1300 saeculam,
381 1227 455 1308 quod
484 1228 597 1308 proprie
623 1235 817 1307 generatio,
851 1227 970 1310 gerrae,

80 1351 192 1391 aevum
214 1327 408 1401 hamanum,
437 1335 567 1389 centeni
589 1330 670 1389 areat
693 1339 752 1402 est,
780 1331 833 1390 hoo
862 1331 972 1410 quidem

80 1429 140 1490 ineo
172 1453 265 1510 aeque
295 1431 353 1490 late
386 1437 481 1510 patet,
520 1439 604 1508 atque
637 1451 745 1490 annas
779 1437 808 1491 et
839 1435 971 1492 meraris.

78 1531 154 1592 inter
176 1545 346 1614 quaterna
372 1545 521 1611 tempora
548 1533 630 1612 hujus
658 1531 724 1591 anni
752 1535 884 1593 mundani
913 1555 972 1607 ver,

78 1650 131 1709 quo
162 1630 283 1693 mundus
315 1621 465 1692 creabatur
497 1631 549 1692 Lb.
578 1632 614 1704 ii,
647 1637 723 1704 336,
755 1637 863 1706 aurea
893 1643 974 1696 aetas

45 1713 47 1720 ¹
79 1739 139 1792 erat
160 1756 244 1816 rege
264 1737 431 1808 Saturam
464 1741 559 1793 aestas
579 1734 827 1813 'complectebatur
854 1744 975 1796 aetatem

80 1843 263 1916 argenteam
286 1844 451 1894 anetumnus
474 1852 606 1905 aeneam,
632 1855 688 1912 qua
709 1833 802 1894 undae
823 1837 975 1896 Deucalio-

78 1954 149 1996 neae
179 1937 226 2008 Ἦ,
256 1941 294 1997 41
319 1926 506 2018 ingruebant3
540 1943 569 1994 et
596 1935 684 2014 hiems
706 1955 767 1994 eum
790 1935 884 1996 ferreo
907 1945 975 1996 tem·

77 2047 149 2112 pore'
169 2037 304 2097 continua
326 2047 388 2096 erat
409 2035 568 2096 aureoveri
589 2033 728 2096 redeunti.
772 2031 850 2096 'l'res
880 2045 975 2117 posto·

76 2132 170 2197 riores
209 2145 319 2197 aetates
357 2137 438 2197 iovis
470 2136 587 2214 imperio
620 2131 706 2196 tribui
738 2135 835 2196 'solent
866 2131 919 2198 Li.
952 2136 974 2212 i,

79 2241 272 2299 121—125.
315 2237 406 2293 Erant
434 2241 545 2305 tamen,
575 2236 650 2292 inter
676 2256 748 2313 quos
780 2231 912 2316 Nigidius
938 2241 974 2298 ad

75 2357 103 2395 v.
130 2340 172 2396 10
196 2335 335 2414 Orpheum
366 2335 466 2408 habet,
496 2333 543 2413 qui
570 2333 644 2392 inter
672 2333 786 2406 Jovem,
814 2334 974 2416 Neptunum

31 2505 32 2510 ἵ
78 2440 107 2493 et
127 2435 280 2496 Plutonem
308 2457 358 2496 eas
388 2433 584 2515 dispertireut3
617 2443 646 2494 et
673 2435 872 2515 Olympiodoro
901 2444 975 2501 teste

79 2529 198 2616 (Orpd.
224 2533 324 2598 Geta.
352 2560 379 2617 p.
405 2535 480 2618 ios)
509 2533 829 2609 Caelimontanus,
861 2535 974 2620 Jupiter

81 2645 109 2695 et
135 2635 265 2699 Bacchus
293 2636 405 2718 Orpheo
433 2643 554 2717 quatuor
583 2658 669 2720 reges
698 2659 762 2698 esse
789 2631 972 2700 videbanturz

80 2743 112 2796 ut
132 2739 264 2812 Saturni,
286 2741 368 2821 'cujus
389 2733 431 2798 rei
454 2733 537 2798 etiam
559 2737 679 2797 Procius
701 2737 737 2798 ad
756 2739 908 2798 Hesiodum
931 2741 974 2800 te·

82 2839 132 2897 stis
160 2851 220 2916 est,
251 2849 391 2923 argentea
417 2848 497 2899 aetas
527 2845 612 2898 esset.
656 2839 833 2901 Redeuntem
853 2841 972 2914 orbem,

82 2941 286 3015 quod'dietum
314 2949 373 3012 est,
401 2942 570 3000 aetatibus
597 2941 657 2998 ruis
683 2941 861 2997 mundanis
890 2941 973 3000 etiam

83 3043 254 3122 antiquiores
275 3051 380 3124 poetae
401 3042 579 3111 triturabant,
611 3047 760 3118 antequem
782 3053 873 3098 annas
894 3053 974 3100 mnn-

84 3141 170 3204 danus
198 3147 417 3227 Astraiogorum
444 3144 577 3202 inventus
607 3148 680 3199 erat
722 3137 792 3199 Nam
823 3135 973 3214 Hesiodus,

87 3245 131 3319 qui
165 3248 195 3308 in
227 3247 381 3328 Georgicis
415 3245 474 3302 suis
507 3241 629 3320 quinque
661 3238 772 3300 mtates
808 3242 973 3314 mundanas,
1076 3252 1081 3261 “

85 3341 223 3407 heroicam
244 3357 311 3428 port
330 3360 448 3408 aenean
468 3339 637 3413 Moriens,
659 3340 743 3413 iacit,
765 3355 792 3402 v.
817 3339 878 3402 174
904 3342 974 3400 haee

85 3449 224 3519 mn
324 3487 347 3490 γ’
731 3537 769 3594 rr
863 3483 864 3486 Ν
