2444 4020
203 282 269 346 sro
452 268 607 330 nonoun
628 267 680 342 rx,
703 273 838 332 ss-so.
961 326 968 341 ,

202 449 262 502 tum
288 438 428 500 olorinnm
457 457 539 497 nemo
560 437 689 516 Lycidas
710 436 824 516 assequi
845 455 932 518 posse
955 437 1109 499 ridentur.

202 544 295 602 Varus
316 548 424 612 autem,
445 539 490 598 vir
511 539 640 598 militaris
663 545 693 598 et
713 538 905 618 philosophus,
928 559 1025 618 neque
1047 542 1109 600 huo
1204 552 1206 559 ’

201 643 232 704 in
253 643 370 724 ecloga,
398 640 540 718 usquein
563 646 662 712 sexta,
690 658 778 718 qnae,
800 639 889 718 ipsius
911 659 1000 718 quum
1020 640 1106 700 laudi

202 745 297 806 dicato
324 743 375 813 sit,
407 741 484 801 Galli
511 760 624 800 carmen
646 739 745 812 effen,
774 739 855 819 qnasi
876 747 964 819 polita
986 742 1106 801 desan·

202 865 238 905 ne
272 841 452 924 signilioatur
485 842 605 921 quidem.
657 841 715 901 Lx
738 841 859 903 Varius
885 861 970 914 vero,
1003 861 1103 920 quen,

201 945 309 1025 epioum
331 950 459 1022 politam,
487 942 593 1003 amicus
614 941 765 1013 Horatius,
792 941 947 1023 tragicum,
981 942 1103 1008 Quinti·

200 1045 485 1123 lienussunirotm,
514 1043 569 1102 nisi
590 1043 773 1121 interpretem
795 1041 879 1101 istum
902 1043 1101 1122 cruquiannrsr

203 1147 298 1228 opinio
320 1145 439 1218 fefellit,
467 1144 592 1226 eulogia,
614 1143 722 1222 pariter
743 1149 829 1221 atque
850 1143 1005 1226 Virgilius,
1026 1152 1100 1205 ante

202 1249 327 1310 earmina
357 1245 521 1306 sublimiora
546 1245 662 1304 luserat.
706 1245 766 1302 flas
792 1243 883 1326 igitur
909 1243 971 1304 fere
1000 1243 1097 1324 impfi.
1212 1229 1213 1260 ³

202 1350 255 1410 mis
281 1349 406 1427 Lycidas
428 1345 631 1428 designaverit.
673 1343 788 1402 certius
809 1351 868 1417 est,
897 1345 1014 1405 Varium
1036 1353 1094 1404 tan
1212 1337 1213 1402 ξ

203 1449 339 1529 temporis
373 1468 485 1509 oarmen
505 1447 650 1508 ¹versibus
682 1445 856 1504 hexametris
888 1446 1091 1526 composuisse,

201 1552 278 1610 unde
304 1549 466 1610 Macrobius
492 1549 567 1608 Sat.
592 1547 645 1618 Vl,
678 1555 711 1619 1,
744 1546 866 1606 aloem
887 1555 1010 1624 quatuor
1029 1547 1090 1606 exi·

201 1650 272 1710 mios
293 1648 392 1719 affert,
424 1667 496 1725 quos
517 1648 629 1726 partim‘
640 1654 740 1726 postea
762 1647 1091 1727 Virgiliusimitabatnr,

201 1748 302 1830 partim
330 1747 460 1828 proximo
489 1754 627 1826 aequente
655 1767 731 1807 anno
758 1747 890 1810 DCGXV
912 1747 941 1806 in
964 1755 1091 1809 oetam

201 1851 331 1932 oologam
358 1869 385 1911 v.
413 1857 454 1910 88
482 1848 646 1928 recipiebat.
701 1848 861 1908 Secundum
889 1847 1018 1920 titulum,
1050 1852 1093 1910 ds

200 1963 317 2024 morte,
345 1958 375 2011 st
400 1949 581 2029 reliquiarum
607 1955 777 2030 argumenta
804 1948 899 2010 nivilla
924 1969 1037 2009 carmen
1058 1950 1092 2010 il·

200 2055 249 2114 lud
277 2054 313 2113 ad
335 2051 404 2111 Julii
427 2051 561 2112 Caesaris
583 2071 679 2110 nonem
701 2049 873 2130 pertinuisse
892 2049 1014 2110 uidetur.
1038 2052 1093 2110 Va-

200 2155 238 2213 rii
264 2161 390 2214 maturus
417 2153 446 2211 in
475 2151 666 2211 Caesarianos
688 2171 768 2212 amor
789 2171 828 2210 ex
849 2170 886 2210 en
906 2158 936 2210 et
949 2151 1017 2230 ipso
1038 2172 1091 2232 ap-

202 2261 294 2335 parat,
316 2254 392 2332 qnod
413 2252 492 2314 brevi
513 2260 579 2332 post
601 2271 726 2333 pugnam
747 2251 956 2330 Philippensem
979 2252 1092 2312 blason-

202 2356 262 2417 nati
289 2356 324 2415 ab
352 2373 387 2414 eo
416 2353 550 2414 Horatius
578 2351 696 2432 (Serus.
718 2353 746 2424 Ι,
770 2359 800 2426 6,
823 2350 879 2433 5⁵)
901 2359 931 2410 st
953 2351 1093 2434 Virgilius

201 2455 388 2516 commendati
409 2463 486 2514 sunt.
529 2455 674 2514 Helvam
697 2453 815 2525 Cim,
840 2451 902 2532 Gaji
921 2453 967 2512 rel
990 2453 1093 2519 Quinti
1211 2451 1212 2514 1

199 2552 397 2632 praenomine,
433 2555 546 2612 Catullo
576 2555 697 2625 amicus,
729 2553 868 2633 podmatis
894 2555 1040 2614 amatoriis
1061 2561 1093 2614 et

200 2653 425 2735 epigrammatis,
459 2653 594 2730 imprimis
628 2662 722 2714 autem
750 2655 872 2732 Smyrna
899 2673 953 2714 sua
980 2655 1092 2715 celeber

198 2755 292 2816 fastus
327 2760 405 2826 erut,
439 2752 562 2813 carmine
582 2744 631 2814 'nd
658 2754 860 2816 obscuritatem
887 2774 979 2834 usque
1005 2755 1091 2815 doato

199 2857 328 2920 versibus
349 2855 537 2927 hexametris,
565 2857 655 2934 quod,
684 2873 848 2934 quamquam
870 2855 1009 2916 modionas
1031 2857 1091 2915 lon·

200 2959 345 3040 gitudine,
378 2978 429 3037 per
463 2959 563 3018 novem
600 2956 731 3037 integros
763 2975 854 3052 annop
882 2956 1091 3018 elaboraverat.

200 3060 320 3119 Veteres
343 3057 525 3119 Grammatiei
546 3077 602 3116 non
625 3057 688 3116 sine
710 3055 952 3118 verisimilitudine
974 3077 1092 3118 asseue-
1210 3121 1211 3150 ,

199 3167 280 3232 rant,
302 3160 338 3219 ad
360 3159 536 3240 diligentiam
557 3159 629 3218 hano
651 3157 773 3218 nondum
795 3164 853 3216 tuna
875 3159 1010 3236 temporis
1033 3157 1091 3218 usi·
1210 3181 1211 3246 ᾗ

200 3265 288 3318 totam
316 3259 464 3318 Horatium
485 3259 514 3318 in
536 3259 607 3330 isto,
635 3279 755 3318 nomm
771 3269 950 3332 prestatur
970 3263 1008 3318 ἐκ
1029 3279 1089 3318 an·
1210 3291 1211 3316 r

198 3377 292 3426 num,
323 3357 495 3436 respexisse.
538 3361 575 3416 ut
602 3359 757 3418 Suetonius
784 3357 890 3430 refert,
919 3358 1087 3417 Crassitiurn

200 3457 417 3518 Grammatioum
443 3457 644 3518 commentario
664 3477 718 3518 suo
739 3458 769 3518 in
790 3459 939 3534 Smyrnam
961 3477 1021 3520 aas
1042 3456 1087 3516 la-
1210 3513 1211 3534 ,
