2340 4036
206 269 273 332 roo
311 347 313 352 Ι
468 261 624 334 senone
645 261 694 320 ιιι.
716 234 863 324 40-4'3'.

202 428 324 509 privatis
347 427 471 510 negotiis
499 435 638 506 tamquam
659 429 761 508 regola
790 429 885 508 aliquo
906 425 1103 500 adhibebatur,

206 550 371 609 quamquam
400 530 501 588 manda
529 530 622 607 aliqua
649 529 679 588 in
711 528 783 588 libro
813 529 1102 608 reprehendebantur.

205 631 349 712 Agricolis
372 630 460 699 enim,
493 629 692 709 intelligimus,
725 631 891 709 praesertin
914 631 1030 701 italiae,
1062 631 1102 690 in-

206 731 368 790 dicesillos
389 729 473 788 facile
496 749 663 800 conversos,
693 731 740 808 qni
762 731 823 790 dies
843 731 981 789 notsbant
1001 731 1101 812 singn-

103 902 105 906 .
206 834 294 894 inrum
317 831 500 890 mutationum
516 830 611 900 coeli,
641 837 670 889 ct
691 831 820 890 utiliores
850 838 880 890 et
900 831 992 912 magis
1015 837 1101 890 notos

206 952 269 990 esse
291 931 430 1002 debuisse,
453 951 535 1008 quarn
557 931 681 990 incertos
703 952 802 990 versus
823 932 919 1002 Arati,
944 939 1002 1002 out,
1025 933 1100 1009 quod

205 1032 323 1111 amplius
344 1032 482 1109 aliquibus
503 1031 532 1089 in
554 1039 674 1090 mentem
695 1031 790 1102 venit,
813 1033 961 1110 sphaeram
981 1032 1100 1092 vitream

206 1133 394 1204 Archimedis,
434 1133 580 1192 Claudiam
612 1132 711 1212 Epigr.
742 1139 793 1194 68.
846 1132 1038 1192 Mathematici
1072 1141 1100 1192 et

207 1233 383 1293 Aritbmetici
405 1227 529 1310 parvulis
551 1233 655 1290 mensis
676 1232 841 1302 utebantur,
874 1233 1007 1304 abacis,
1040 1231 1099 1310 qui·

208 1336 259 1394 bus
287 1335 407 1412 laminae
437 1332 552 1392 meliore
586 1353 623 1392 ex
649 1332 744 1413 ligno,
774 1353 913 1392 marmore
944 1339 994 1392 ant
1020 1331 1099 1414 frag·

208 1435 307 1493 mentis
330 1433 484 1512 parietum,
507 1433 554 1510 qni
577 1434 654 1492 calce
676 1438 793 1494 arenata
816 1433 895 1492 densi
917 1439 947 1492 et
969 1433 1005 1492 ad
1027 1449 1098 1492 sum-

208 1556 280 1594 ιιιιιιιι
310 1535 428 1592 nitorem
450 1533 568 1614 levigati
596 1539 691 1606 erant,
729 1533 952 1612 imponebantur.
996 1533 1030 1591 Ιιι
1057 1534 1098 1592 bis

207 1635 311 1695 tabulis
333 1636 455 1694 bacillo
478 1635 586 1712 utiquo,
617 1635 732 1704 radio,
768 1639 798 1692 ct
818 1633 900 1692 viridi
922 1633 1040 1711 pulvere
1059 1634 1098 1693 vi·

208 1744 271 1795 treo
294 1732 439 1816 (erudito
465 1738 621 1809 pulnere,
656 1733 736 1812 quasi
763 1734 847 1792 docto
874 1732 1022 1815 pulvere),
1055 1733 1098 1812 qni

210 1835 388 1916 respirationi
401 1835 561 1906 resistebat,
583 1834 747 1915 pingebant.
791 1835 853 1892 floc
874 1834 1098 1912 pulverehrcbi·

209 1938 303 1998 medes
332 1937 454 2017 pingens
486 1937 521 1994 oh
553 1935 683 2014 imperito
715 1934 803 1994 milite
833 1933 922 2012 captis
951 1935 1098 2012 Syracusis

209 2039 320 2100 occisus
353 2044 405 2096 est.
448 2038 493 2096 lta
520 2037 642 2116 pingens
664 2035 801 2094 Eudoxus
829 2053 939 2112 quoque
967 2054 1099 2095 cursem

210 2138 330 2198 extremi
356 2139 457 2208 coeli,
494 2136 522 2194 in
545 2155 600 2213 quo
629 2135 709 2213 qnasi
736 2133 825 2193 affixo
853 2135 938 2214 signa
965 2135 1100 2195 coelestia

209 2244 427 2308 convertuntur,
458 2235 668 2307 dimetiebotur,
699 2235 821 2313 indeque
842 2235 1012 2315 designabat
1033 2244 1099 2296 tenr-

209 2359 293 2420 pora,
326 2358 398 2417 quae
420 2344 449 2398 et
470 2337 589 2398 messori
610 2343 720 2396 aestate
742 2343 771 2396 et
793 2329 900 2394 aratori
921 2335 1020 2413 hyeme
1042 2357 1098 2396 ser·

209 2442 302 2502 vando
332 2445 437 2498 essent.
486 2436 597 2508 Orbis,
635 2437 741 2496 coelum
770 2437 838 2494 orbe
865 2455 1032 2498 conversum
1054 2438 1098 2507 vl,

211 2548 267 2612 345
288 2519 445 2618 gentibus
467 2537 495 2595 in
508 2557 588 2596 usum
609 2521 745 2616 gentium.
788 2537 912 2598 Messes
929 2545 959 2596 et
979 2558 1099 2598 remea·

211 2645 256 2700 tis
277 2639 395 2719 vulgata
416 2636 530 2695 nomina
554 2643 637 2696 erant
657 2637 775 2696 aestutis
797 2643 826 2696 et
846 2637 961 2714 hyemis,
983 2658 1035 2717 pro
1058 2658 1100 2697 se-

210 2759 280 2798 rena
300 2746 330 2797 et
343 2737 455 2796 humida
475 2743 655 2815 tempestato3
687 2757 803 2816 quorum
824 2737 872 2796 iila
892 2737 1027 2818 vergiliis
1049 2739 1100 2798 cir·

211 2840 283 2898 citer
303 2839 409 2919 Majum
430 2857 511 2896 mane
541 2840 650 2898 exortis
673 2837 772 2920 fruges
794 2835 864 2909 fert,
898 2839 969 2898 baec
990 2821 1101 2898 circiter

212 2940 405 3009 Nouembrem,
428 2957 510 3016 quum
532 2938 605 2996 idem
626 2939 704 2998 sidus
725 2957 806 2998 mnne
827 2937 939 3010 occidit,
963 2939 1101 2999 sationem

212 3057 346 3120 agrorum
366 3037 480 3119 flagitat
500 3035 554 3096 Lb.
571 3039 593 3109 l,
617 3044 687 3100 253.
733 3039 861 3099 Corona
883 3045 990 3111 arator,
1012 3039 1101 3119 signi·

211 3137 305 3200 ficatio
335 3137 462 3217 proceri,
500 3138 609 3196 robusti
631 3140 683 3211 lv,
712 3147 762 3201 41.
812 3140 954 3198 Procerus
983 3146 1101 3208 statura,

211 3241 301 3299 Varro
332 3239 468 3318 praecipit
496 3240 526 3299 in
548 3241 720 3322 Geoponicis
741 3241 783 3314 ΙΙ,
806 3247 841 3310 2,
864 3247 962 3300 arator
983 3241 1038 3312 sit,
1073 3247 1103 3298 nt

212 3341 302 3402 stirne
333 3341 462 3421 graviter
493 3338 616 3403 innitens
654 3347 743 3401 totum
774 3359 916 3402 vomerem
953 3339 1104 3420 imprimat.

211 3441 279 3500 inde
313 3440 446 3500 rusticum
479 3439 656 3519 proverbium
689 3443 716 3502 in
743 3441 828 3502 Plinii
854 3441 965 3516 xvnt,
990 3445 1047 3514 to,
1072 3449 1105 3501 2:
