2462 4028
275 311 277 319 ,
399 248 553 310 ncuoeo
574 249 613 321 x,
638 254 772 316 24-25,
878 273 883 280 ’
963 259 1033 322 noe

140 415 181 499 (Ι,
207 425 240 491 t,
263 414 317 500 27)
346 415 485 477 ferantur.
528 417 574 476 ldx
603 417 698 477 radice
725 417 867 496 cupressi,
900 417 1031 478 orborum

138 519 241 600 quippe
262 525 341 578 sator
361 519 549 590 silvestrium,
578 519 718 578 surculum
740 518 817 600 gerit
838 519 912 598 apud
935 519 1031 602 Virgi-

136 622 205 682 lium
226 602 280 680 ΕΙ).
302 623 324 692 1,
348 627 397 694 20,
420 626 450 680 et
470 621 544 700 apud
556 619 722 680 Gratianum
743 639 862 698 σφωε.
877 627 917 682 20
929 627 1030 682 trunco

139 723 242 782 dicitur
266 723 358 781 laetus
384 720 529 793 silvatico,
557 718 683 780 inculco
712 725 841 782 semite
862 724 1027 800 gaudem,

139 831 169 883 et
189 823 218 882 in
239 822 422 903 inscriptione
443 823 561 903 quadarn
583 822 866 904 gestatorprborurn,
889 825 1029 884 dendro-

131 927 231 998 foroe
251 925 423 986 Silvanus.
465 927 555 984 Vetus
576 925 684 984 Auctor
704 927 744 984 de
767 923 927 982 limitibus
944 942 1029 1004 pag.

139 1033 200 1090 294
213 1027 308 1085 Goes:
332 1025 488 1099 Silvanum,
510 1025 560 1096 ait,
582 1025 699 1104 primum
720 1023 840 1104 lepidem
856 1025 1030 1084 terminalem

137 1127 282 1206 posuisse3
315 1145 479 1205 omnemque
507 1126 717 1205 possessionem
744 1130 803 1182 tres
826 1123 958 1184 Siluanos
979 1126 1029 1184 ha·

138 1229 216 1288 bere.
250 1229 351 1301 Unum,
374 1230 593 1298 domesticam,
619 1227 701 1284 domo
723 1232 932 1298 consecratum,
954 1225 1029 1284 inter

137 1330 231 1389 Lares
251 1330 349 1388 haberi
370 1327 524 1390 familiares
546 1325 720 1405 (Silvanus
742 1337 878 1387 sanctur
898 1327 1030 1388 Larum

138 1431 168 1490 io
190 1427 452 1510 inscriptionibus);
475 1430 602 1501 alterurn,
625 1441 808 1508 agrestem,
832 1429 861 1486 in
883 1413 958 1490 arvis
974 1450 1029 1510 pa·

138 1532 262 1592 storibus
290 1551 354 1592 esse
386 1551 511 1606 sacrum3
550 1531 677 1603 tertium,
714 1533 926 1604 orientalem,
960 1531 979 1590 i.
1003 1551 1028 1590 e.

137 1633 283 1713 principiis
303 1631 485 1713 praesectum,
507 1633 535 1692 io
557 1631 691 1706 confinio,
712 1633 787 1692 unda
809 1633 881 1692 duae
902 1633 947 1694 vei
968 1633 1029 1712 plu·
1111 1631 1112 1636 ’

138 1752 186 1794 res
208 1735 402 1814 possessiones
424 1721 561 1806 oriantur,
583 1735 674 1794 lucum
698 1735 809 1794 habere.
841 1735 931 1792 Varro
953 1735 1029 1813 apud

87 1892 90 1897 ,
138 1835 328 1916 Augustianis
349 1841 410 1894 cic.
432 1836 479 1894 D.
500 1835 555 1906 Vt,
577 1842 596 1895 9
618 1836 663 1894 cd.
684 1834 747 1913 Bip.
760 1837 813 1907 fr.
838 1843 896 1894 231
921 1835 1029 1914 opinio·

139 1936 185 1995 nis
207 1935 375 1994 mentionem
396 1934 466 1994 facit
486 1933 647 2014 popularis,
671 1954 745 2013 quae
765 1934 909 1998 Silvanum
930 1943 1029 2014 aperte

140 2057 247 2098 summo
273 2038 336 2096 loco
364 2037 491 2098 culturae
512 2035 670 2115 praeponit.
703 2034 827 2116 ‘Mulieri
846 2033 942 2096 foetae
963 2043 1030 2118 post

140 2146 260 2219 partum,
282 2138 387 2218 inquit,
409 2146 468 2200 tres
488 2137 537 2198 Dii
558 2137 690 2198 custodes
711 2137 894 2210 adhibentur,
916 2157 952 2196 ne
973 2139 1029 2197 Sil-

139 2241 321 2302 vanuslieus
342 2259 392 2319 per
413 2248 523 2301 noctem
544 2239 722 2321 ingrediatur
744 2245 773 2300 et
793 2247 897 2314 vexet3
920 2259 1029 2298 eorum-

141 2361 197 2420 que
231 2341 377 2402 custodum
410 2340 658 2422 significandorum
695 2361 782 2401 censa
815 2347 875 2400 tres
902 2340 1029 2400 homines

140 2450 228 2504 noctu
249 2444 422 2503 circumeunt
442 2443 538 2504 limina
559 2443 667 2516 domus,
690 2449 719 2502 et
739 2442 921 2523 primoiimen
935 2445 1029 2502 securi

140 2543 262 2616 feriunt,
289 2551 389 2624 postea
402 2545 487 2625 pito,
515 2545 600 2606 tertio
622 2546 775 2608 decernunt
795 2545 904 2625 copis,
931 2553 964 2604 nt
984 2545 1028 2604 his

140 2631 215 2706 datis
243 2647 369 2708 culturae
396 2647 487 2730 signis
514 2647 592 2708 Deus
619 2648 752 2710 Silvanus
777 2647 959 2726 prohibentur
985 2647 1028 2706 irr-

140 2756 227 2818 trare,
250 2749 314 2826 quia
335 2769 426 2828 neque
447 2750 564 2810 arbores
587 2752 742 2809 caeduntur
764 2767 799 2806 ae
819 2743 1028 2824 putantnrsiue

141 2841 233 2920 ferro,
259 2869 351 2926 neque
379 2849 424 2908 far
450 2849 598 2909 conficitur
625 2849 686 2908 sine
712 2847 785 2926 pilo,
814 2867 905 2924 neque
925 2845 1028 2928 fruges

142 2959 345 3011 coacervantur
371 2949 432 3008 sinc
460 2949 568 3028 scopis3
596 2949 631 3006 ab
653 2949 697 3006 his
718 2953 811 3006 autem
833 2948 922 3008 tribus
942 2949 1027 3008 rebus

141 3059 201 3110 tres
223 3055 420 3128 nuncupantur
440 3049 502 3108 Dii:
529 3049 716 3120 laterado,
745 3069 763 3108 a
785 3049 892 3110 securis
913 3049 1027 3109 interei-

142 3151 231 3222 sione,
252 3153 442 3222 Pilumnus,
461 3170 480 3211 a
500 3151 567 3230 pilo,
588 3151 753 3222 Deverra,
775 3150 913 3230 ascopis.
934 3150 1026 3210 APli-

141 3253 190 3312 nio
212 3252 303 3324 XXV,
327 3261 375 3314 10.
397 3251 493 3326 XXX,
518 3258 558 3314 24
580 3252 695 3324 Faunis,
716 3271 768 3331 pro
789 3252 888 3330 quibus
905 3252 1027 3312 Diosco-

141 3351 252 3433 rideam)
275 3346 420 3436 ἓφιάλτας
441 3354 501 3415 sive
521 3353 640 3414 incubos
661 3353 800 3426 nominet,
829 3359 858 3414 et
879 3353 943 3414 aliis
963 3353 1036 3420 uiis,

207 3487 235 3552 0)
253 3487 300 3554 ur,
318 3483 384 3541 roa·

860 3565 911 3615 14.
