2462 4028
415 269 569 331 ucuoes
591 269 630 342 x,
653 277 788 336 os-oo.
979 284 1043 345 ooo

147 457 207 498 cum
230 439 434 498 immortalibus
456 441 572 512 saltant,
596 439 768 500 alllercario
791 440 1043 501 etSilenisaman·

146 545 202 613 tur,
225 546 256 598 et
277 541 410 618 aequales
432 541 542 600 abietes
563 549 593 600 et
614 561 734 619 quercus
756 541 828 601 lucis
844 541 950 602 illaesi
962 549 1044 603 tuen·
1136 614 1141 623 .

146 646 208 700 tur:
231 645 355 700 attamen
379 641 562 702 Grammatici
584 641 612 699 in
635 641 824 720 Apollonium,
846 642 875 700 io
898 643 1043 721 lltymolo-

147 741 215 823 gico
238 747 267 801 et
289 741 316 801 in
338 741 503 814 Plutarcho,
525 743 738 822 Hamadryades
759 743 984 822 interpretaturi,
1007 746 1044 804 ad

147 843 301 901 Pindarum
327 844 440 903 tandem
469 850 640 922 provocant,
679 844 831 915 dicentem,
868 850 1044 905 terminans

146 943 182 1002 iis
211 947 287 1003 aeos·
315 944 452 1004 arbores
485 949 666 1023 nequeuntis
693 945 787 1003 datum
815 963 894 1018 essm
926 945 985 1027 ita,
1010 954 1044 1006 at

145 1051 232 1123 poeta
245 1045 395 1123 Orphicus,
417 1045 447 1103 in
468 1045 571 1122 hymno
593 1045 622 1103 in
644 1045 821 1123 Nymphaei,
845 1053 884 1106 13
905 1047 1043 1122 puellas

146 1146 409 1225 Hamadryades
430 1145 576 1215 invocans,
600 1146 653 1203 hoo
674 1144 928 1224 ipsainvocatione
940 1148 1043 1226 juven·

146 1252 236 1304 tutem
259 1266 339 1305 suam
361 1245 526 1324 prodiderit.
566 1247 750 1316 Concedite,
773 1265 835 1305 curn
857 1248 1042 1318 vehementia,

147 1347 183 1407 do
204 1347 252 1425 via
274 1347 419 1406 decedito!
442 1367 503 1426 pro,
526 1367 578 1408 vos
600 1365 657 1428 ego
679 1347 817 1406 deseram.

233 1454 370 1510 64-69.
414 1448 501 1507 lstum
522 1448 667 1506 crudelem*
687 1447 755 1506 nulli
776 1465 906 1526 umquam
928 1448 1042 1506 dolores

146 1547 313 1627 placabunt,
344 1547 454 1608 etiamsi
479 1548 614 1608 hibernae
640 1547 745 1628 glaciei
772 1548 894 1610 extremi
920 1549 1043 1620 Boreae,
1129 1571 1133 1578 ·

147 1647 237 1708 calori
264 1647 374 1710 aestivo
400 1649 490 1708 ultimi
518 1648 645 1708 meridiei
672 1669 716 1708 mo
750 1649 891 1729 objiciam.
935 1651 1042 1722 (luere,
1106 1679 1112 1690 ·

146 1769 213 1831 age,
230 1750 431 1828 omnipotentis
441 1769 544 1808 numen
557 1751 656 1808 sedate
668 1748 804 1808 seramus!
827 1783 869 1795 -
890 1749 1043 1810 Labores

146 1856 215 1910 sunt
241 1849 440 1908 contentiones
466 1849 539 1908 istae
560 1855 731 1927 postremum
753 1851 886 1908 decretae
907 1851 991 1908 animi
1013 1858 1043 1910 et

146 1947 289 2028 corporis,
312 1949 413 2027 quihus
435 1955 545 2008 amator
566 1954 676 2006 remoto
698 1949 792 2026 aliquo
813 1948 842 2006 in
865 1950 972 2028 angulo
984 1956 1042 2008 ter-

146 2070 198 2111 rae
229 2049 353 2109 carmine
374 2049 485 2108 sublimi
506 2055 537 2108 ct
557 2049 710 2110 venatione
731 2050 848 2108 hiberna
869 2048 970 2108 infelix
992 2051 1041 2109 de-

146 2151 281 2211 siderium
302 2170 341 2211 ex
362 2151 456 2210 animo
478 2169 652 2210 excussurus
673 2157 746 2210 erat.
777 2149 860 2216 Quas
881 2151 1041 2210 contentio·
1115 2189 1121 2200 -

146 2271 208 2323 nes,
230 2258 339 2312 tantum
360 2252 452 2325 abest,
474 2257 508 2310 ut
527 2251 648 2330 prosint,
669 2257 702 2310 at
724 2271 760 2310 ne
781 2251 919 2330 patientia
930 2251 1041 2329 quidem

145 2353 252 2436 glaciei
263 2352 408 2411 Thraciae
430 2358 460 2411 et
481 2351 600 2411 aestatis
610 2352 796 2431 Aethiopicae
817 2351 954 2431 prodesse
976 2371 1041 2430 pos-

145 2454 193 2514 sit.
237 2453 343 2512 Similis
365 2459 410 2513 est
430 2453 512 2512 locus
533 2451 685 2512 Theocriti
706 2453 774 2526 vlt,
799 2461 875 2524 111,
898 2453 945 2530 qui
966 2452 1041 2512 Pani
1161 2515 1165 2522 ,

147 2555 284 2614 minatur:
1016 2559 1018 2564 ’

247 2690 307 2740 Sive
316 2686 389 2755 juyis
406 2689 488 2740 luteos
504 2687 601 2738 Edmris
618 2694 726 2754 tempore
743 2687 845 2738 morene

247 2771 327 2822 Hchrt
343 2779 446 2836 proptor
461 2787 563 2838 amram,
578 2779 672 2836 septen
688 2772 787 2835 repiooe
804 2771 937 2831 Tricrene

247 2857 307 2905 Siue
323 2856 392 2918 opud
408 2853 539 2919 Aethiopes
554 2869 659 2919 porcos,
677 2858 784 2916 mute,
799 2858 925 2917 peraratas,

248 2937 385 2989 Sohaemo
401 2937 540 3002 Blemyom,
557 2937 636 2986 Nilos
650 2951 700 2986 oon
716 2935 781 2986 esde
796 2935 902 2986 uideor.
937 2985 943 2993 ,

146 3057 178 3113 ln
211 3061 296 3116 ovata
332 3055 429 3112 tabula
454 3053 651 3113 Eratosthenis
684 3073 768 3113 arcos
801 3054 932 3132 superior
964 3055 1039 3114 inter

145 3155 364 3235 septemtriones
387 3154 542 3214 occidentis
563 3155 632 3212 solis
654 3161 684 3212 et
704 3153 922 3232 septemtriones
943 3154 1037 3213 orien-

145 3260 184 3316 tis
213 3255 283 3313 solis
310 3250 453 3334 Scythia
486 3255 621 3334 appellari
650 3255 775 3326 solebat3
812 3273 899 3334 saepe
925 3275 1037 3334 quoquc

144 3356 259 3417 nomine
285 3355 431 3416 dicebatur
462 3356 651 3435 antiquiorum
686 3356 844 3414 tabularum
878 3351 1052 3428 Thracia,
1141 3383 1145 3390 ,

143 3477 216 3537 quae
248 3463 326 3518 terro
358 3457 411 3516 hac
446 3459 588 3536 potestate
623 3457 794 3536 amplissima
826 3451 1049 3575 Hyperboreos,

841 3549 880 3602 15
