2340 4036
193 255 255 320 uu
433 237 586 314 nenoen
602 237 657 311 ιιι.
679 238 826 296 ιι-ιι,

192 413 221 472 io
251 409 366 470 Homeri
387 407 419 466 ll.
441 406 554 478 xxm,
583 411 643 464 198
672 403 706 461 nb
739 400 809 480 ipsis
839 400 933 460 ventis
960 399 1086 459 Achilles

193 517 325 590 precatur
346 509 436 587 iisque
457 515 525 568 vota
545 505 676 582 suscipit:

260 625 307 677 iris
325 625 370 676 sed
388 622 497 687 celcris,
515 620 631 672 referens
649 619 747 672 Ventos
765 623 793 668 nt
810 615 893 670 adiret

260 709 343 772 Vota,
361 706 432 758 abiit.

194 814 339 870 vetustum
367 813 534 890 quotiens,
565 807 645 884 cujus
673 811 702 863 et
723 802 787 862 libri
814 802 911 882 scripti
933 808 964 860 et
986 803 1086 860 Gram-

194 907 287 970 matici
314 917 445 970 auctores
467 914 548 977 sunt,
581 905 734 964 Ascensius
763 910 792 963 et
813 903 974 962 Brunckius
1003 904 1087 962 dede-

194 1017 269 1070 runt.

278 1113 424 1174 74-75.
467 1110 564 1187 Aeque
591 1106 683 1185 lepide
712 1103 809 1163 eodem
836 1103 980 1166 Menalcas
1003 1103 1084 1163 uicit:

195 1213 324 1272 limatum
345 1193 475 1290 puerum,
509 1209 555 1286 qni
578 1208 670 1266 animo
694 1205 783 1283 ipsum
812 1203 910 1265 fovere
931 1205 1085 1283 praedicet,

195 1319 372 1390 temporum
398 1309 573 1389 intelligere,
604 1307 670 1385 quid
692 1305 866 1364 clandestina
893 1305 965 1365 silva
993 1307 1086 1363 borte-

195 1419 256 1482 tor,
291 1418 324 1469 ut
350 1409 425 1468 serio
451 1429 573 1479 venans,
608 1407 748 1466 desertum
778 1411 932 1464 amatorem
960 1407 998 1464 ad
1025 1413 1087 1464 rete

196 1513 318 1590 deleget.
362 1510 405 1566 lta
425 1509 586 1578 Ascensius,
612 1507 826 1576 Taubmanous,
849 1507 951 1565 Cerdo.
994 1505 1087 1565 Aliter

195 1610 337 1670 sentiebat
357 1607 452 1668 fervor
474 1609 629 1687 Sulpiciae,
664 1625 747 1685 quum
768 1605 932 1666 Cerintburn
953 1627 1087 1686 sequere·

196 1709 346 1780 tur,‘'l'ib.
369 1710 416 1780 lV,
440 1719 468 1783 3,
494 1715 547 1770 15:

231 1841 308 1893 Tune
324 1839 399 1906 mihi,
418 1841 479 1892 tono
497 1843 616 1908 placeant
632 1839 727 1903 silvae,
746 1838 783 1903 si,
801 1841 848 1892 lux
865 1855 932 1902 mea,
952 1845 1035 1892 ῐθοιιιιι

296 1923 399 1988 Arguat
416 1927 475 1975 ente
492 1921 561 1990 ipsas
579 1921 749 1973 concubuisse
766 1923 865 1988 plagas.

231 2007 307 2060 Tunc
323 2006 410 2059 veniat
426 2006 487 2058 licet
504 2005 535 2056 ad
554 2009 654 2069 casses,
672 2005 777 2057 illaesus
796 1999 885 2064 abibit,

296 2092 338 2143 Ne
354 2089 464 2153 Veneris
481 2087 589 2155 cupidae
606 2088 819 2154 gannaturae,
838 2103 909 2156 aper.

196 2211 252 2281 St,
286 2217 323 2269 tu
351 2211 427 2266 dum
449 2207 533 2265 babet
561 2204 671 2284 quoquc
698 2205 861 2268 Hosniensis
888 2207 933 2268 A.
977 2209 1022 2266 lta
1047 2219 1086 2270 a·

196 2308 335 2367 nobiliore
356 2309 385 2367 in
407 2307 470 2366 loco
490 2307 611 2385 positum
632 2314 723 2381 essct3
746 2307 797 2367 scd
818 2309 894 2368 dum
916 2308 1002 2367 ictum
1023 2329 1086 2369 ver·

198 2425 248 2468 sus
279 2405 443 2488 occuparet,
476 2413 506 2466 et
530 2407 662 2488 gravius,
697 2427 779 2486 quern
812 2408 947 2480 debebat,
982 2405 1086 2468 dicturi

198 2516 284 2568 esset.

279 2611 426 2670 *ro—7⁷.
470 2606 551 2667 Nunc
579 2627 632 2688 par
653 2609 829 2681 cantionum,
865 2609 965 2688 quibus
986 2609 1086 2670 Iotae

196 2706 342 2778 irridetur,
376 2725 458 2786 quem
483 2705 596 2788 fingunt
622 2715 652 2768 et
673 2716 819 2770 venustans
839 2707 969 2788 Phyllida
989 2729 1086 2787 quam-

196 2807 259 2865 dam
280 2807 357 2866 alere
378 2807 481 2866 dicunt.
525 2807 678 2868 Damoetas
700 2816 802 2890 rogat,
834 2816 868 2869 ut
888 2809 942 2870 sibi
963 2810 1087 2889 puellam

195 2909 232 2967 al
252 2927 332 2966 suum
359 2905 496 2980 natalem,
534 2925 589 2984 quo
612 2909 703 2968 Genio
731 2909 946 2990 indulgebatur,
982 2911 1085 2986 mittet,

195 3019 237 3079 et,
271 3007 400 3086 quonium
432 3006 493 3084 ipse
514 3007 597 3066 bodie
626 3029 682 3068 non
711 3009 792 3068 simul
813 3011 922 3083 veniat,
956 3011 1032 3072 visat
1054 3033 1087 3072 so

21 3091 24 3098 ¹
92 3187 98 3193 ¹
195 3113 273 3166 canto
306 3107 351 3165 die
386 3107 592 3167 ambaruelium.
645 3109 803 3171 Natalem
835 3112 1021 3172 comissantes
1056 3113 1084 3171 in

194 3207 265 3264 albis
295 3207 420 3266 vestibus
447 3209 641 3282 celebrabant,
676 3231 731 3290 quo
759 3214 866 3273 Genius
892 3213 1084 3287 Lb.1,aoe

193 3305 269 3364 inter
294 3304 400 3379 Lares,
435 3311 532 3389 amplis
560 3311 673 3370 coronis
700 3320 832 3386 ornatus,
864 3320 979 3386 unctus,
1009 3315 1086 3374 inter

194 3404 298 3466 odores
319 3427 370 3486 pro
393 3411 503 3471 ratione
532 3432 668 3472 annonem
689 3413 755 3476 una
783 3414 895 3493 libaque
917 3415 1084 3495 accipiebat,
