2280 4022
194 261 261 325 roo
415 227 661 321 ‘annonara
684 265 835 324 50—52.

258 449 293 459 -
309 449 342 460 -
360 451 393 458 -
409 449 443 460 —
459 424 567 476 Aeterni
583 430 612 476 ut
629 427 708 480 rerba
724 428 853 494 serebant,

260 505 394 570 Religioso
411 513 621 560 contremuerunt
637 511 723 562 omnia
739 517 818 564 motu.

130 584 132 592 ’
161 595 163 603 ’
259 589 372 641 Flebant
389 606 456 658 quae
473 591 589 656 animae,
607 594 717 644 necdum
735 596 832 647 sentire
849 597 979 662 valentes,

259 673 328 724 Turn
344 673 453 740 primunr
473 675 587 742 trepidae
604 684 746 730 senserunt.
780 680 881 732 Horror
898 686 924 732 et
941 680 1034 746 ingens

260 756 402 824 Seraphunr
419 759 530 824 prendit.
548 787 581 796 —-
599 787 632 796 -
649 788 684 797 -
738 795 741 802 .
1046 753 1051 770 ¹

192 844 339 902 Mundus
367 865 395 904 v.
416 851 444 916 9,
467 863 504 902 ex
530 847 1069 927 communidoctrinapbilosoplrioaedi·

192 943 342 1022 sciplinae,
376 945 483 1004 coelum
517 946 666 1024 globosum
703 955 767 1007 erat
794 955 823 1008 et
849 969 911 1008 oum
940 951 1070 1010 sideribus

192 1045 290 1104 ordine
312 1047 457 1106 etrllocatis
487 1067 518 1105 se
545 1055 732 1120 convertens,
767 1049 842 1108 intra
870 1051 944 1126 quod
980 1051 1070 1109 stellae

191 1157 319 1209 errantes
335 1151 426 1208 circae
435 1150 549 1230 globum
562 1157 741 1221 terrestrem,
767 1151 814 1228 qui
829 1149 978 1208 umbilicus
994 1155 1069 1218 esset,

192 1251 309 1310 divorsis
333 1251 445 1308 orbibus
463 1259 492 1308 et
509 1251 593 1310 certis
609 1249 763 1310 intervallis
778 1249 1027 1309 circumferrentur
1038 1247 1069 1328 ⁹).

191 1335 299 1408 Poetae
320 1333 432 1420 autem,
451 1351 504 1408 nisi
527 1353 635 1410 doctam
652 1351 724 1410 coeli
737 1351 865 1409 notitiem
888 1371 925 1410 ox
948 1351 1069 1409 instituto

192 1453 350 1525 traderent,
381 1451 546 1509 crassiorem
574 1449 749 1530 antiquitatis
772 1451 931 1530 opinionem
952 1453 998 1510 vel
1022 1471 1069 1508 orr-

192 1553 258 1608 nino
280 1551 323 1611 vol
342 1551 461 1628 aliquam
478 1559 585 1630 partem
599 1551 770 1610 retinebunt:
794 1549 917 1622 eoelum,
940 1559 1069 1628 tamquam

189 1655 409 1730 ponderosam
437 1655 611 1732 quamdam
645 1659 847 1738 rampogem,
893 1635 1089 1710 sustentatum·

192 1753 327 1812 columnis
356 1753 504 1824 montium,
541 1767 656 1832 quorum
695 1731 904 1813 celeberrimum
936 1753 1069 1810 Atlantem

192 1873 270 1925 esse,
299 1855 334 1913 ad
366 1873 441 1912 oram
471 1855 547 1913 orbis
573 1863 723 1925 terrarum,
753 1875 849 1934 purum
879 1873 966 1932 supra
1004 1869 1070 1910 mure
1129 1871 1130 1874 ¹

165 2020 169 2027 p
192 1955 260 2015 elati
293 1963 322 2014 et
352 1957 386 2014 ab
421 1957 534 2028 Oceano
556 1953 747 2025 'circumfusi,
787 1955 907 2032 desuper
940 1949 1068 2012 anunm.

192 2057 434 2134 Relinquebantur
460 2057 563 2135 igitur,
598 2057 672 2114 sicut
698 2063 742 2112 est
773 2057 846 2134 apud
872 2056 1023 2113 Homerum
1047 2059 1070 2110 et

192 2155 358 2226 Hesiodum,
387 2155 523 2214 coarctati
545 2157 639 2214 mundi
661 2162 757 2234 partes
780 2157 943 2234 primariae:
968 2169 1070 2216 terrae

191 2255 274 2315 istius
296 2257 372 2316 orbis
393 2277 419 2318 v.
444 2265 493 2318 17.
515 2257 569 2328 lll,
589 2263 631 2316 ’61
655 2275 715 2314 cum
737 2257 828 2314 medio
849 2255 1070 2332 moriendique

193 2359 342 2432 concluso,
382 2360 456 2436 quod
492 2353 730 2416 mediterraneum
765 2357 895 2432 dicimus,
940 2371 1070 2435 supraque

192 2463 319 2518 coelum
346 2466 409 2517 erat
432 2461 650 2535 prestandum,
685 2457 744 2518 sive
772 2457 864 2536 spatia
898 2457 933 2516 ab
967 2457 1071 2536 opinata

192 2559 264 2617 coeli
286 2577 423 2638 compage
452 2557 614 2630 terminata,
645 2579 744 2637 nempe
770 2559 868 2616 aetber
899 2577 961 2616 ourn
983 2555 1070 2616 affixis

193 2657 219 2718 ei
240 2657 392 2730 sideribus,
426 2675 498 2737 quae
526 2659 562 2717 ad
594 2665 731 2718 terrorum
760 2675 836 2716 orem
864 2657 979 2717 Oceano
1008 2673 1072 2714 ner·

192 2767 314 2841 guntur,
337 2759 503 2832 terminans,
535 2767 564 2819 et
585 2767 634 2819 adr
656 2759 768 2818 nubium
790 2760 825 2818 ab
848 2777 882 2817 eo
904 2758 1070 2816 terminatus.

191 2863 270 2921 Haeo
292 2867 400 2921 omnia
422 2881 491 2940 prae
508 2865 679 2940 uoluptate
697 2860 855 2938 trepidant,
879 2860 942 2917 dum
964 2858 1072 2937 primun

193 2967 361 3023 saeculum
375 2981 478 3022 aureae
491 2963 684 3024 renovationis
695 2961 801 3039 incipit.
844 2960 987 3030 Nature,
1010 2963 1073 3015 nutu

193 3063 369 3146 significare,
401 3084 485 3143 saepe
513 3063 548 3122 de
574 3065 658 3122 rebus
679 3063 782 3120 leniter
803 3061 947 3120 commotis
969 3057 1072 3117 dicitur.

194 3165 320 3224 Catullus
352 3163 454 3236 LXlV,
492 3171 551 3226 291
589 3171 759 3225 natantem
782 3165 959 3240 platanum
986 3157 1073 3224 habet,

261 3380 289 3446 ')
324 3377 391 3432 Plin.
410 3377 436 3431 h.
454 3397 482 3433 n.
507 3381 530 3432 ll
555 3379 696 3448 aprineip.
733 3377 888 3432 Macronis
906 3391 988 3431 somn.
1007 3369 1072 3436 Scip·

194 3482 287 3535 Cicero
306 3483 423 3532 'I'irrroeus
440 3481 457 3532 a
474 3497 508 3533 ss.
