2340 4036
273 272 427 346 senens
449 280 504 348 ln:
521 279 674 349 ιιι-ιιι.
760 367 765 384 ‚

43 443 169 536 qaum'u
188 469 225 514 eo
247 461 388 533 tempore,
423 464 508 533 quan
529 459 595 512 omn
617 459 649 512 et
668 469 772 512 occssn
794 452 942 534 signorum

45 553 216 618 coelestinus
234 553 443 616 vicissitudines
464 555 530 614 anni
548 561 578 614 et
599 559 782 633 tempestates
800 556 941 614 numbers·

43 667 107 728 tar,
144 657 251 736 pariter
277 653 338 714 iere
372 656 426 734 ipsi
454 655 600 737 agricolae
631 663 700 714 nota
730 673 794 713 csse
820 655 942 715 debehat

43 758 131 828 somn,
154 771 276 815 aenunc
296 755 402 815 nostds
424 756 537 815 rusticis
559 755 660 834 aliquis
681 755 816 814 Matthias
829 755 939 816 llohll's.

43 859 206 939 imagines,
234 857 367 936 imprimis
388 857 493 935 clypei,
521 857 661 915 clarorum
682 856 805 917 virorum
826 857 871 917 vel
892 877 941 918 vs-

44 979 97 1018 roe
117 959 163 1018 vel
185 955 270 1017 lictae
299 957 407 1018 formae
429 965 458 1016 ct
479 957 621 1015 coloribus
648 957 741 1035 pictae
767 964 797 1016 ct
824 977 861 1016 cx
883 979 941 1018 mo-

44 1059 137 1132 tellis,
160 1075 323 1129 marmore,
337 1077 419 1129 cera,
442 1075 551 1138 gypso,
574 1057 693 1137 gemmis
714 1059 871 1116 eommunia
892 1057 961 1118 da-‘

44 1179 114 1218 cura
135 1167 219 1218 erant
238 1159 432 1230 Matucaium,
466 1157 711 1229 bibliothecarum,
740 1157 939 1230 cubiculorum,

15 1267 20 1276 '
43 1261 223 1331 annulorum,
244 1269 387 1320 vasorum.
431 1259 522 1324 Quam
535 1257 683 1317 dissimiles
705 1259 779 1316 inter
800 1259 851 1316 has
872 1259 940 1318 ima·

43 1361 133 1440 gincs
164 1358 358 1431 interfuerint,
391 1360 482 1440 ipsum
509 1364 605 1420 votum
627 1359 738 1418 Horatii
755 1359 894 1420 ‚declarat
914 1361 939 1419 ll

44 1457 99 1539 lips
121 1461 145 1532 l,
169 1467 266 1522 soso
321 1493 323 1500 ·

112 1603 149 1614 -
182 1601 217 1613 -
250 1603 285 1613 —
316 1603 353 1613 --
386 1575 551 1643 neqneficto

110 1660 143 1710 ln
160 1658 235 1726 peius
254 1659 323 1711 rultn
342 1659 452 1727 proponi
468 1670 560 1712 cereus
577 1672 708 1726 nmquam,

111 1744 171 1795 Nea
187 1751 268 1810 prava
284 1741 358 1796 laetis
376 1743 493 1796 decorari
510 1743 627 1798 renibus
644 1747 716 1809 opto.
831 1743 837 1750 ”

46 1864 161 1922 Conon
188 1862 316 1934 Samius,
353 1863 567 1922 mathematicus
592 1869 623 1921 et
648 1862 827 1943 astrologus,
859 1881 940 1944 quem

43 1964 228 2022 Arclrlmedcs
251 1964 404 2022 admiratur
432 1971 461 2021 et
482 1963 572 2022 amico
602 1963 696 2020 animo
718 1963 856 2042 appellat,
888 1966 939 2023 sub

43 2063 212 2123 Ptdletnseo
240 2063 424 2142 Philadelpho
451 2061 548 2121 floruit
574 2068 604 2122 et
624 2063 782 2144 Euergete‚
815 2065 940 2145 conjuge

43 2163 214 2234 Berenices,
243 2164 324 2240 cujus
347 2177 451 2222 eorsum
474 2164 549 2221 inter
570 2163 655 2242 signa
677 2163 812 2223 coelestia
825 2141 939 2225 retulit.

43 2263 134 2323 Libro
158 2265 222 2342 ejus
239 2263 285 2318 ⁴de
307 2276 391 2317 curse
413 2262 536 2318 siderum
563 2262 625 2338 ipsa
650 2263 830 2340 dordogne
844 2265 940 2324 Ptole-
1006 2245 1011 2252 ⁵

44 2375 145 2423 naeus
167 2363 200 2418 iu=
219 2358 421 2438 phoenomenis
442 2375 511 2416 usus
533 2366 592 2428 cst,
622 2359 671 2416 ubi
691 2360 720 2418 in
743 2361 825 2419 ltalia
845 2363 942 2423 obscr-

45 2475 131 2523 aassa'
151 2460 270 2520 dicitnr:
307 2458 401 2529 Alter,
436 2458 483 2538 qai
505 2451 695 2538 descriptione
725 2460 797 2520 coeli
824 2463 948 2524 celebri-'

47 2569 131 2623 tatem
152 2567 255 2621 noctuas
269 2559 393 2630 onerat,
429 2560 480 2619 sed
508 2561 588 2639 cajus
619 2573 720 2619 nomen
749 2563 856 2640 pectori
884 2585 940 2626 nou

49 2663 149 2721 stetim*
163 2661 318 2732 succurrit,
349 2679 407 2718 non
430 2660 542 2720 dubium
557 2667 623 2732 est,
656 2663 722 2739 quin
744 2661 839 2721 nullus
868 2666 940 2724 alins

49 2758 141 2820 fuerit-
153 2768 267 2841 praeter
287 2761 474 2820 Eudoxum
495 2761 640 2833 Gnidiam,
671 2763 814 2841 Archytae
833 2763 940 2842 Pytha·

50 2863 147 2942 goradi
160 2889 165 2900 ¹
177 2869 206 2921 e't
226 2847 357 2920 Platonis
377 2863 547 2932 auditorem,
581 2881 663 2940 quem
685 2862 786 2921 Cicero
807 2863 944 2922 Astrolo·'

51 2979 149 3038 goram
182 2963 336 3042 principem
365 2960 458 3021 ‘luisse
490 2963 634 3042 praedicnt
667 2967 697 3020 ct
734 2962 940 3023 Chaldaeorum

53 3063 254 3134 praedictiones
276 3063 468 3121 contemsisse.
511 3061 603 3120 Etiam
619 3063 664 3122 hic
685 3062 825 3120 coelum
816 3081 845 3120 sn
858 3063 947 3126 hub*

44 3159 223 3238 observavit,
246 3164 362 3242 ejusque
384 3163 454 3221 liber
475 3163 524 3220 de
520 3163 746 3240 phoenomenis,
769 3181 850 3240 quern
869 3166 940 3224 Ara·

27 3263 95 3316 tus
115 3270 215 3341 polita,
244 3263 403 3342 Hipparche
426 3269 515 3333 testu,
549 3268 684 3340 sequutus
706 3269 765 3336 est,
797 3283 858 3322 cum
879 3266 939 3326 Me·

28 3345 33 3526 'p
57 3361 123 3420 lonis
142 3374 183 3422 et·
195 3363 258 3422 aliis
278 3362 402 3442 antiquis
423 3361 521 3433 iustis,
548 3363 625 3442 quoti
645 3363 799 3423 Columella
820 3365 940 3436 lX,1s

60 3457 130 3534 dicit,
154 3472 193 3523 et
213 3463 244 3523 in
270 3465 386 3541 publicis
415 3461 577 3534 sacrificiis,
611 3469 640 3523 et
669 3464 712 3608 alp
724 3467 920 3584 pgrtcola'
911 3485 941 3524 ιι
