2444 4020
403 236 558 296 naboon
576 237 627 308 lX,
649 239 786 298 tlt-50.
971 247 1037 308 185

142 381 254 462 alienas
276 401 395 462 miseere
416 401 533 470 solitus,
560 400 681 460 Dionem
704 375 819 472 amit,
850 409 903 476 14,
926 407 966 464 ’33
990 405 1036 464 val

142 503 227 562 istam
255 501 342 580 ipsam
369 501 507 560 Venerem
536 501 619 572 dicit,
647 521 720 580 quae
743 499 881 580 (Hesiodo
903 501 1034 582 auctore)
1128 481 1133 490 i

143 623 183 662 ex
204 601 275 662 mari
296 607 424 660 materno
446 601 582 682 emergit,
603 601 698 680 itaque
719 601 831 661 Dionae
852 603 893 662 illi
914 622 951 662 ne
972 601 1035 662 affi-

144 703 190 761 nis
212 703 321 782 quidem
345 708 399 762 ast.
442 705 508 780 lpse
525 702 621 762 Julius
638 705 746 762 Caesar
766 709 901 782 quaestor
922 702 1033 762 amitam

145 823 224 862 suam
251 801 410 862 defunctam
432 802 551 877 duliam,
578 804 662 864 Marii
682 805 797 884 majoris
818 824 951 877 uxorem,
981 824 1033 882 pro

145 904 259 962 Rostris
280 903 424 976 laudabat,
446 905 521 982 quod
542 923 635 984 genus
651 906 712 984 ejus
728 911 884 964 maternum
901 905 936 963 ab
952 904 1032 964 Anco

143 1003 252 1064 blancio
266 1023 345 1084 rege,
359 1008 506 1081 paternum
522 1023 541 1079 a
554 1005 665 1062 Venere
682 1004 829 1062 oriundum
840 1009 926 1063 esset.
955 1003 1034 1062 llaec

133 1103 233 1184 ,igitur
245 1111 290 1164 est
302 1103 452 1163 sententia.
503 1103 632 1164 Veteres
655 1115 749 1162 ortus
769 1108 942 1181 signarem
962 1121 1032 1162 coe·

144 1206 296 1277 lectiam,
319 1203 445 1283 Daphni,
469 1223 505 1263 ne
527 1203 653 1282 suspica!
682 1203 815 1283 Majoris,
836 1204 881 1262 bis
901 1203 1032 1262 adbnca
1124 1265 1130 1275 ¹

143 1305 226 1363 nobis
253 1305 410 1365 observatis
436 1304 559 1362 siderum
581 1305 732 1376 meatibus,
764 1304 811 1383 qni
833 1323 920 1383 opera
937 1302 1031 1374 nobis,

144 1411 340 1482 tempestatem
367 1411 396 1464 et
417 1402 593 1463 fertilitatem
614 1403 830 1486 significabant,
863 1405 929 1464 binc
950 1404 1032 1464 nobis

143 1505 280 1586 agricolis
302 1525 377 1566 nova
398 1505 454 1564 ista
475 1508 578 1566 atella
598 1503 658 1578 liet,
681 1523 763 1584 quae,
786 1509 910 1566 sideris
932 1505 1030 1578 instar,

143 1605 220 1686 signi
241 1605 333 1665 instar
353 1607 498 1666 stellarum
519 1607 654 1686 plurium,
684 1618 827 1678 aetram,
854 1606 976 1678 micans,
1002 1606 1031 1664 in
1055 1629 1058 1632 ·
1087 1609 1089 1616 '

142 1707 200 1792 alto
231 1727 282 1765 suo
310 1727 395 1766 cursu
424 1707 578 1786 conspicua
604 1708 692 1780 exiit,
719 1713 896 1783 processit.
944 1705 1031 1765 Hafa.
1109 1707 1110 1717 ’

142 1807 178 1866 D
208 1811 396 1882 praecessit
428 1805 502 1865 salso
534 1807 628 1866 babet.
683 1807 834 1866 Destinata
867 1809 941 1866 anim
974 1814 1028 1878 est,

141 1905 371 1986 quemadmodum
397 1924 487 1976 nnnc,
520 1906 562 1965 ita
589 1905 784 1965 anniversario
812 1907 905 1964 reditu
930 1913 1031 1984 postea

140 2023 253 2086 quoqne
274 2005 309 2064 ad
324 2007 452 2083 frages
474 1989 671 2076 maturandae,
703 2023 856 2084 praecoces
877 2024 960 2063 ocae
983 2025 1030 2068 co-

140 2108 203 2168 lore
234 2107 388 2186 tingendas
422 2111 453 2164 et
474 2109 566 2180 perte
594 2109 742 2167 incilicia
768 2123 850 2184 opem
876 2103 1029 2164 ferendam.

140 2207 303 2284 Scriptores
329 2205 456 2264 historici
484 2202 608 2264 mensem
636 2224 693 2263 non
716 2205 953 2278 nominaverunt,¹
974 2225 1029 2283 quo

141 2307 224 2365 stella
253 2306 356 2364 crinita
384 2312 538 2384 conspecta
565 2311 623 2378 est3
658 2305 714 2364 uisi
741 2307 816 2384 quod
838 2325 876 2364 ex
898 2306 1030 2364 Caesaris

140 2413 257 2466 mortem
284 2405 412 2485 proxime
439 2405 622 2484 sequentibus
648 2405 738 2466 fuisse
760 2407 873 2468 dicitnr.
917 2407 1027 2466 Recen-

140 2509 229 2567 tiores
251 2507 338 2564 nihilo
360 2506 451 2566 minus
472 2507 582 2566 stellam
604 2506 633 2564 in
655 2507 746 2569 medio
773 2527 869 2566 mense
891 2507 1029 2567 Jauuario

135 2593 207 2670 'anni
228 2607 349 2666 Dccx}
370 2609 596 2680 collocaverunt,
619 2608 749 2686 quoniam
771 2629 832 2668 cnm
854 2607 1029 2687 Capricorno

56 2693 64 2700 ἡ
139 2731 200 2770 eam
219 2710 400 2788 conjunctam
423 2729 487 2768 esse
509 2709 650 2769 volebant.
699 2710 753 2768 llic
781 2728 850 2770 vero
878 2708 958 2764 locus
979 2726 1027 2763 no·

139 2817 200 2870 ster
221 2811 325 2868 nullum
343 2809 427 2866 alium
439 2829 560 2868 mensem
584 2807 728 2886 permittit,
750 2811 946 2884 praeterquam
966 2806 1029 2864 Ju-

140 2913 221 2968 liccm
243 2908 310 2968 anni
331 2907 453 2978 DCOX,
476 2909 521 2966 cui
542 2907 728 2980 Octavianus,
750 2907 818 2986 lege
837 2906 907 2974 lato,
928 2924 1028 2963 nomon

139 3011 193 3067 boc
214 3030 265 3087 pro
287 3007 409 3072 Quintili
431 3007 518 3066 dedit.
562 3006 666 3064 lulium
688 3025 810 3065 mensem
831 3011 944 3066 veteres
961 3023 1029 3082 quo-

140 3128 195 3187 que
216 3107 416 3188 intelligebant
438 3106 590 3178 doctiores,
612 3125 684 3184 quos
705 3106 807 3178 scriba,
829 3105 877 3184 qui
899 3105 1026 3165 Servium

139 3209 298 3286 excerpsit,
329 3207 366 3266 ad
392 3229 420 3268 v.
448 3215 488 3269 48
517 3208 554 3266 ob
581 3207 679 3266 oculos
706 3206 812 3266 babuit·
857 3207 894 3263 Et
915 3213 1030 3285 propter

139 3309 249 3372 stellam
272 3309 355 3368 istam
379 3307 507 3369 crinitam
523 3308 553 3367 in
574 3306 693 3370 Ausonii
708 3308 784 3369 lace.
807 3312 847 3369 cle
868 3325 966 3368 neue.
991 3313 1029 3364 ta

142 3410 286 3490 splendet:
