2340 4036
200 291 246 354 02
452 283 606 345 ECLOGA
626 281 676 344 ΙΙΙ.
696 289 844 346 21-27.

200 452 282 532 plura
300 471 410 536 genera
431 451 667 532 complectebatur
687 451 839 514 herbarum
857 459 1022 524 sennenn,
1059 456 1098 516 ad

200 554 298 614 comcs
316 554 456 636 tegendas
473 554 591 614 utilium.
633 553 678 613 lta
699 553 753 613 hoc
768 553 890 627 indicio,
912 556 1096 633 quemadmo-

201 655 265 714 dum
281 655 303 727 l,
322 662 364 717 48
381 656 484 734 junco,
506 655 605 713 limosa
622 653 721 714 Mincii
741 654 804 734 ripa
825 654 1019 736 significator,
1044 677 1095 716 mr-

196 749 245 833 jns
270 755 300 814 in
325 755 435 833 publico
463 774 568 834 pascuo
591 773 639 812 res
669 755 832 834 gerebatur.
886 756 919 813 ln
944 757 1094 835 Calpurnii

199 855 249 925 ΙΙΙ,
270 860 311 916 7³
329 853 376 914 fur
398 855 588 934 deprehensus
607 853 738 934 religatis
754 855 889 929 brachiis,
906 857 1093 936 'quemadmo-

199 955 265 1014 dum
281 955 425 1034 caprarius
440 955 555 1015 Homeri
560 997 578 1038 ,Ἰ
590 953 620 1015 io
640 954 709 1015 ovili
725 956 914 1034 suspenditur.

284 1062 429 1118 21-24.
471 1055 625 1114 Damoetas
645 1054 797 1116 confltetur
818 1056 930 1134 quidem
952 1057 1093 1137 rapinam,

82 1157 84 1162 '
199 1157 251 1217 sed
275 1157 326 1216 lons
348 1143 415 1238 ejus
433 1175 534 1216 causas
559 1155 657 1232 affert,
691 1157 868 1234 quamobrem
895 1175 932 1217 ne
954 1158 1092 1239 ignob'dis

199 1257 311 1336 quidem
337 1257 385 1317 illa
409 1263 553 1336 appareat.
606 1257 746 1316 Meruisse
774 1275 806 1317 se
835 1257 953 1317 haedum
959 1303 969 1332 ‚
1005 1277 1092 1338 quum

99 1389 107 1396 -
199 1358 341 1418 cantando
360 1355 498 1431 certaret,
521 1363 551 1416 et
568 1357 605 1416 ad
616 1358 761 1430 fistulae
777 1358 914 1434 calamos,
937 1379 1004 1418 cera
1022 1379 1091 1418 con-

195 1460 311 1539 junctos
331 1459 366 1530 ll,
384 1466 434 1529 37,
451 1457 581 1518 carmina
592 1458 784 1518 modularetur
799 1459 873 1531 Vlll,
891 1467 941 1520 21.
991 1461 1045 1520 Τιι
1059 1467 1091 1520 si

200 1561 240 1619 id
261 1577 382 1635 parans
407 1563 489 1630 reia,
522 1575 600 1616 nuuc
619 1557 726 1637 accipe.
774 1561 815 1620 Si
840 1560 1091 1621 dissimolationem

199 1657 347 1738 arguentis
369 1665 422 1718 est.
464 1659 594 1718 flaccum
616 1677 707 1718 meum
726 1677 805 1731 esso,
833 1661 894 1740 ipse
913 1661 1024 1722 liemon
1046 1661 1091 1722 la-

199 1760 327 1832 mbatur,
355 1760 545 1838 quotiescum
569 1759 757 1840 appellabam
787 1761 839 1826 sed
862 1763 985 1844 nondum
1003 1783 1090 1842 posse

199 1879 232 1920 ae
254 1861 402 1920 simulabat
422 1861 562 1920 dimittere
587 1868 709 1942 amatum
730 1881 826 1933 snum,
856 1863 903 1940 qui
922 1863 1089 1924 utilissimus

198 1967 230 2022 et
254 1961 341 2042 gregi
363 1962 483 2022 maxime
504 1962 681 2022 necessarius
696 1962 750 2022 sit.
792 1964 940 2036 Damon,
974 1966 1089 2044 saepias

197 2061 291 2124 vietor
304 2055 342 2123 ·v.‘
357 2067 407 2134 25,
429 2063 525 2121 eximii
546 2063 670 2120 muneris
691 2083 748 2121 non
771 2063 912 2122 dubitarat
934 2065 1088 2142 perieulum

198 2161 308 2234 facere3
329 2162 399 2220 clam
415 2161 519 2222 victum
537 2181 568 2220 se
586 2161 652 2220 mihi
672 2161 743 2222 satis
764 2163 889 2244 ingenue
910 2165 1087 2239 declarabat3

79 2257 80 2262 ’
197 2262 289 2340 palam
309 2267 432 2334 tantum,
453 2269 486 2320 ut
507 2263 621 2322 dilatum
644 2263 796 2342 praemium
814 2264 902 2343 ipsius
926 2267 1086 2326 certaminis

197 2369 329 2424 eventum
350 2362 461 2422 dubium
483 2364 630 2435 redderet,
651 2383 746 2424 moras
765 2364 942 2444 interposuit.

283 2469 376 2526 25-
389 2470 438 2524 27.
487 2465 563 2522 Tam
592 2465 738 2522 honestam
769 2463 916 2525 victoriam
941 2465 1086 2530 lllenclcss

197 2563 361 2624 adversario
387 2563 545 2622 concedere
573 2581 630 2622 nou
663 2565 739 2636 vult,
772 2585 810 2625 nc
834 2565 946 2626 fistulae
974 2567 1086 2646 quidem

90 2705 96 2716 .
197 2663 343 2724 scientiam
362 2663 389 2722 ei
409 2663 556 2741 relinquit,
579 2669 622 2734 et,
651 2665 726 2744 quod
746 2667 836 2746 majus
856 2673 915 2738 est,
942 2683 979 2728 ne
997 2671 1086 2728 modi·

84 2771 86 2777 ’
196 2782 258 2824 cam
274 2764 383 2842 quidem
400 2763 553 2824 communis
572 2763 654 2824 culmi
670 2763 787 2830 ludendi
802 2766 974 2830 facultatem.
1016 2771 1086 2832 Pari

196 2865 278 2924 modo
301 2863 450 2924 Theocriti
472 2863 605 2923 Comatae
623 2864 657 2936 V,
675 2870 708 2927 o:

261 2977 364 3032 Fistula
380 2976 462 3046 quella
480 2974 557 3030 erat‘l
583 2979 686 3047 qnando
703 2985 746 3053 tn,
764 2997 839 3037 serve
856 2983 992 3052 Sybartae',

261 3059 374 3114 iunxisti
391 3057 523 3114 calamos‘l
541 3061 623 3130 qnid'l
640 3081 693 3118 non
707 3065 762 3132 J'am
779 3083 838 3124 nom
856 3069 996 3135 corydone

262 3144 366 3200 Sufficit
380 3149 410 3198 nt
426 3143 537 3214 crepitet
554 3146 665 3217 simplex
681 3149 728 3204 tibi
744 3151 807 3204 tibin
824 3151 923 3207 culmi?

196 3264 322 3326 Stridula
350 3263 421 3339 tilia
447 3266 621 3329 Graecorum
648 3266 814 3345 liberorum,
851 3289 934 3351 qnam
964 3291 1084 3346 cannam

195 3365 364 3426 Aristoteles
385 3365 568 3431 foraminibus
591 3369 749 3432 distinctam
774 3373 930 3434 essedicit
952 3379 982 3434 et
1007 3376 1084 3434 tenui

195 3473 261 3528 cute
277 3467 305 3528 in
321 3466 404 3530 exitu
417 3468 598 3543 obstructam,
620 3471 716 3532 eadem
733 3490 800 3533 esse
812 3473 932 3548 videtur,
954 3474 984 3534 in
1000 3493 1083 3554 quam
