2280 4022
333 281 669 358 aonoonoutnnn
883 298 947 361 ιρι

57 442 210 510 Punioais
232 444 363 510 humilis
384 455 540 534 quantum
562 449 715 516 saliunoa
735 453 872 518 rosetis:

56 541 184 609 Judieio
205 553 320 612 nostro
342 555 469 614 tantam
491 549 550 615 tibi
572 549 662 617 eadit
683 550 866 633 Amyntas!
947 555 951 568 “

93 650 160 724 Mo.
205 645 276 714 Sed
307 657 343 714 tn
364 649 480 716 basina
505 650 621 736 plura,
648 674 749 740 paea-3
782 657 946 722 suooassi-

457 773 530 816 mus
552 761 659 820 antro.

93 948 301 1016 Exstinotnm
312 951 487 1037 Nymphae
510 954 638 1020 erudeli
655 955 984 1043 ffinaroDaphninbo

53 1048 208 1133 Flebant3
262 1073 339 1137 voa,
384 1054 507 1138 auruli,
550 1064 675 1140 testes,
720 1064 755 1122 et
796 1057 941 1144 flumina,

456 1155 635 1240 Nymphis=

51 1251 175 1334 Quum,
207 1252 388 1339 eomploxa
408 1257 458 1321 sui
481 1278 603 1342 eorpus
624 1255 816 1323 miserabile
837 1257 941 1344 gnati,

49 1353 155 1440 Atque
180 1357 264 1420 deos
286 1364 386 1441 atque
409 1365 503 1422 astra
530 1366 629 1424 vooat
650 1357 800 1424 erudelis
820 1367 938 1427 mater.

49 1455 117 1518 Non
140 1456 199 1522 ulii
221 1464 337 1542 pastos
358 1457 423 1524 illis
446 1481 549 1544 egara
572 1458 687 1524 diebus

48 1554 202 1642 Frigida,
225 1549 374 1646 Daphni,
398 1560 501 1626 boves
524 1561 568 1625 ad
588 1560 739 1642 flumina3
768 1559 861 1626 nulia
881 1570 979 1628 nota

453 1682 517 1746 qne
539 1681 673 1725 amnem

46 1757 179 1826 hihavit
191 1761 392 1847 quadrupes,
418 1761 655 1847 noograminis
667 1760 778 1845 attigit
787 1761 937 1827 herbam.

45 1857 195 1946 Daphni,
218 1870 308 1928 taum
330 1861 465 1928 Poenos
487 1863 589 1928 otietn
605 1860 809 1946 ingemuisse
820 1861 936 1928 leonas

45 1959 235 2048 lateritum,
257 1970 452 2048 montesque
469 1963 533 2028 feri
551 1963 721 2047 silvaeque
742 1961 926 2046 loquuntur.

44 2058 198 2147 Daphnis
221 2073 256 2129 at
283 2061 462 2128 Armenias
490 2085 588 2128 eursu
610 2061 811 2146 subjungere
831 2061 937 2148 tigres

42 2159 206 2245 Instituit,
230 2163 380 2246 Daphnis
404 2165 530 2228 thiasos
552 2164 710 2235 induoera
733 2163 871 2250 Baoobi,
937 2168 978 2224 30

39 2261 85 2328 Et
107 2261 200 2326 foliis
220 2261 333 2326 lentas
356 2263 509 2328 intexere
530 2263 684 2328 mollibus
704 2264 829 2329 hastas.
971 2331 976 2339 ,

38 2361 133 2430 Vitis
157 2369 193 2428 ut
214 2359 386 2426 arboribus
409 2363 522 2428 deoori
544 2372 613 2446 ost,
643 2372 679 2429 ut
699 2363 818 2430 vitibus
840 2385 936 2448 uvae,

39 2463 89 2530 Ut
109 2462 273 2548 gregibus
295 2464 398 2548 tauri,
421 2471 558 2548 segetes
581 2473 617 2530 ut
636 2465 811 2550 pinguibus
832 2464 935 2532 arvis:

43 2566 98 2632 Τιι
112 2567 218 2631 deous
233 2587 331 2632 omne
343 2563 423 2630 tuis!
454 2565 636 2652 Postquam
647 2575 681 2633 to
696 2566 767 2632 fata
779 2565 934 2650 talou-nat,

43 2651 125 2752 ipsa
145 2667 250 2732 Pales
272 2689 392 2750 agros,
422 2675 522 2754 atque
551 2668 623 2754 ipse
650 2667 781 2756 reliquit
802 2666 975 2754 Apoltosa

47 2768 196 2837 Grandia
207 2790 312 2854 saepe
322 2768 439 2854 quibus
449 2770 677 2836 mandavimus
686 2771 813 2834 hordea
822 2769 934 2850 oleis,

46 2869 166 2936 Infelia
185 2869 301 2940 lolium
324 2879 358 2936 et
380 2869 513 2938 steriles
534 2879 716 2937 naseuntur
744 2889 883 2934 avenae.

47 2970 110 3036 Pro
133 2971 225 3036 molli
246 2971 351 3054 viola,
373 2994 432 3057 pso
454 2994 622 3058 purpurea
646 2969 809 3050 narcisso,

49 3071 198 3140 Garoiuus
221 3081 256 3138 at
277 3071 379 3159 spinis
402 3074 508 3158 surgit
532 3073 680 3158 paliurus
702 3069 818 3136 nautis.

49 3171 204 3260 Spargite
212 3174 346 3240 hamum
354 3172 455 3256 folus,
477 3173 623 3238 induoito
635 3169 933 3254 fontibusumbras,
936 3179 977 3237 40

5 3276 223 3356 1'3astoras
244 3275 381 3342 mandat
401 3274 474 3340 fiori
495 3273 559 3338 sibi
583 3273 665 3338 talia
691 3272 884 3360 Daphnis.

51 3375 89 3444 Εἰ
125 3375 286 3446 tumulum
326 3375 447 3458 faoita,
492 3382 527 3440 at
548 3375 687 3441 tumulo
723 3372 938 3464 superaddito

457 3497 604 3543 onumen.
