2340 4036
356 277 510 341 uaeas
532 279 568 342 ll.
591 285 738 353 69-73.
949 285 995 350 td

86 444 156 504 Sed
185 463 351 526 quamquem
382 444 542 528 friguerat
567 447 624 509 diei
645 447 806 531 vergentis,
836 467 880 508 ne
901 457 994 512 tames

96 551 173 606 urit
193 548 385 608 inmodicus
411 568 499 608 arnor.
542 549 673 628 Undique
693 548 780 608 libido
801 549 996 613 similitudines

95 647 226 730 colligit,
248 649 476 726 quenadmodum
498 649 648 710 Theocriti
668 649 796 712 venefica
817 651 853 724 ll,
876 659 932 716 882

165 762 314 831 Arasmi-is,
331 779 411 830 ecee,
428 764 506 818 silent
522 765 616 820 tluetm
633 771 660 819 et
675 765 781 818 tlsmlns
796 766 878 834 venti,

167 846 296 902 Veeordis
312 846 383 902 siluit
399 850 513 902 nondum
530 851 578 904 sed
595 849 708 920 pectoris
724 855 821 904 senten.

184 973 332 1031 69-73.
375 968 481 1050 (lptata
502 989 559 1030 non
582 969 751 1050 impetrans,
786 971 918 1052 Corydon
940 971 996 1033 irs·

98 1071 204 1142 scitur,
232 1077 262 1129 et
283 1069 356 1129 irato
378 1071 472 1130 animo
493 1070 632 1130 stultitiae
653 1089 685 1130 se
706 1071 834 1145 damnat,
865 1075 997 1154 quemad·
1069 1152 1072 1162 ι

100 1173 214 1231 modum
237 1171 426 1251 Polyphemus
448 1171 600 1232 Theocriti
621 1171 673 1244 Xl,
694 1177 752 1234 72:

171 1305 195 1354 0
213 1303 341 1371 Cyclops,
360 1302 488 1372 Cyclops,
507 1320 559 1372 quo
576 1319 649 1357 mens
666 1303 758 1371 effugit
774 1301 884 1358 amore'l

140 1385 146 1398 '
167 1388 274 1441 Texere
292 1387 314 1440 si
332 1389 423 1440 malles
440 1385 570 1455 calathos,
587 1387 758 1458 frondemque
775 1387 873 1443 referre

168 1473 325 1541 Deeeqrtsar
343 1471 446 1541 pecori,
464 1475 545 1526 mom
563 1474 714 1541 prudentior
730 1487 811 1526 esses.

168 1557 298 1613 Praesens
316 1559 356 1608 est
372 1557 527 1622 mulgendo,
543 1556 661 1628 aequum
677 1558 739 1628 quid
756 1555 921 1624 fugientem?

170 1641 320 1695 Invenietur
336 1640 406 1704 enim
424 1641 533 1696 Galatea
551 1641 684 1696 venustior
700 1643 777 1695 altro.

101 1762 239 1821 Probrunr
255 1763 383 1822 insaniae
405 1763 512 1822 rustico
528 1761 677 1842 prouerbio
700 1761 849 1820 dilataturr
872 1762 999 1823 Desino

101 1863 197 1922 bibisti
219 1863 404 1942 semiputatae
426 1863 492 1924 vitis
514 1863 542 1922 in
560 1864 675 1923 intonsa
695 1863 780 1922 ulmo.
825 1861 999 1922 lleeidebun·

102 1964 230 2024 turciae
248 1964 461 2042 putabantur
481 1963 610 2044 palmites
632 1963 698 2024 ritis
719 1970 845 2034 veteres,
868 1963 999 2022 retorridi

101 2073 132 2124 et
154 2064 277 2138 inutiles,
299 2084 411 2144 unaque
432 2064 500 2124 ulmi
514 2063 663 2124 maritatae
683 2063 811 2121 stolones
833 2061 1001 2142 supervacui

100 2172 232 2226 extremo
260 2173 411 2224 auetumno
449 2174 479 2224 et
506 2147 573 2226 uere
605 2183 694 2244 usque
720 2164 757 2224 ed
784 2163 1000 2242 aequinoctium,

100 2266 267 2348 priusquam
289 2263 496 2342 ignominiosus
512 2271 611 2321 canum
632 2265 723 2322 cuculi
745 2264 899 2324 audiretur.
943 2265 1001 2323 llo·

99 2364 182 2427 mani
212 2361 344 2442 quoniam
376 2360 453 2441 pigri
474 2359 551 2418 circa
576 2358 702 2440 pericula
722 2363 752 2420 in
784 2363 849 2421 altis
870 2363 1001 2436 arbustis,

62 2537 66 2544 Ι
101 2463 228 2546 quaein
252 2457 529 2542 ltalia'regnabant,
552 2461 683 2521 adeunda
704 2469 799 2522 erant:
827 2463 918 2521 Numa
937 2463 1003 2545 lege

101 2571 163 2629 lata
184 2585 236 2625 eos
258 2563 372 2645 coligit,
403 2569 436 2622 ut
457 2563 495 2622 de
514 2562 651 2643 imputata
664 2563 727 2623 ‘nou
749 2563 879 2624 liberent
923 2563 1002 2636 inde,

103 2667 264 2748 quicunque
297 2663 456 2725 delenitor
488 2671 588 2743 putata
614 2663 674 2724 siva
701 2669 904 2740 semiputata
934 2666 1002 2736 vite,

103 2787 178 2850 qaae
199 2765 363 2826 luxuriante
376 2767 505 2839 fronde
526 2767 637 2826 alueo
659 2765 881 2836 obumbraretur,
903 2765 947 2826 vel
969 2765 1003 2823 li·

27 2925 34 2936 ,
103 2872 202 2933 basset
222 2867 267 2928 vel
290 2866 423 2937 bibisset,
446 2866 568 2925 amentia
589 2865 709 2945 corripi,
738 2865 884 2925 commoda
904 2884 1003 2944 super·

104 2971 186 3032 stitia
213 2976 282 3028 nata
309 2973 354 3026 est
374 2966 430 3026 Lb.
453 2967 607 3038 11,‚403.·
633 2967 777 3026 Ulmorum
799 2965 888 3035 enim,
922 2985 1004 3044 prae·

104 3081 248 3150 torquem,
271 3069 346 3148 quod
368 3067 559 3138 recidebatur,
582 3065 624 3125 uti
646 3066 782 3137 diximus,
804 3065 865 3126 sive
886 3065 1004 3144 putata

104 3181 154 3240 tur
175 3169 239 3230 fera
260 3177 289 3230 et
318 3169 426 3231 inutilis
448 3166 610 3238 fruticatio,
639 3167 786 3225 eacumina
806 3185 918 3244 quoque
939 3174 1005 3246 post

104 3273 259 3334 solstitium
288 3269 476 3350 virgultorum
507 3265 632 3326 tenuium
663 3265 787 3344 (barba
817 3265 890 3326 Plio.
913 3267 1004 3337 xvir,

106 3383 149 3436 23
173 3393 197 3430 s.
220 3375 271 3442 35,
295 3367 365 3451 22),
381 3363 430 3428 'ne
461 3367 674 3436 obumbrarent,
705 3367 925 3426 condebantur
946 3367 1006 3427 rive

98 3473 371 3552 fraudabantur,
411 3476 440 3535 et
468 3469 502 3526 ad
531 3467 659 3556 pabulam
687 3467 889 3533 adhibebantur
909 3467 946 3524 L.
969 3460 1004 3536 ll,

388 3581 402 3620 a
