2444 4020
387 269 543 330 ECLOGA
565 269 639 341 vul,
660 271 797 332 73-75.
967 273 1036 364 {bil

137 440 186 500 Al
207 455 320 499 caruca
343 437 427 497 lunae
448 435 617 519 deligendae
637 427 777 496 turbincni
800 440 942 497 remotum
961 454 1035 507 canc,

140 539 284 602 Martialis
305 545 428 598 laetatur
448 537 506 610 ΙΧ,
529 547 586 600 3οι

244 629 277 685 -’
293 673 329 684 -
345 673 379 684 -
396 643 549 698 Thessalico
566 647 655 695 lunam
672 643 800 696 deducere
815 642 934 696 rhombo.

147 743 202 801 Vix
229 743 282 801 boc
308 741 337 800 in
363 741 428 800 loco
455 742 491 800 ‹le
523 737 721 800 Thessalica
746 745 810 798 erte
838 738 977 820 Virgilius
998 739 1035 798 ri·

144 843 244 915 luerit,
273 842 329 901 nini
355 841 401 901 bic
429 841 585 903 devorandi
607 839 754 921 negotium
774 839 803 898 in
821 835 887 919 lpeo
908 841 1037 900 Thesea·

143 946 183 1005 lia
209 951 356 1026 ageretur.
409 942 513 1003 Luna
540 941 697 1012 lirinum,
732 940 863 1018 quoniam
885 961 941 1000 non
964 941 1037 1015 llea,

143 1047 195 1107 aad
227 1049 317 1124 ipeunr
344 1043 423 1102 aidus
449 1041 629 1122 intelligitur.
672 1042 718 1099 llx
746 1041 874 1117 elye-eo
901 1041 1040 1116 nouimuu,

144 1147 173 1207 iu
187 1149 285 1206 Aeaea
306 1144 400 1204 insula
420 1143 472 1202 aab
494 1142 675 1202 Occidentem
696 1140 828 1200 sabulosa
848 1142 943 1201 acciae
956 1143 1040 1219 Ulyu·

144 1247 185 1308 eia
207 1247 311 1308 Circen
333 1244 520 1316 Colchicenrs
534 1242 620 1302 filiam
642 1242 734 1312 Solia,
756 1239 898 1302 venenato
920 1249 989 1322 potu
1010 1249 1041 1302 et

145 1348 204 1408 ictu
232 1349 334 1427 virgae
360 1346 490 1426 magicae
511 1345 540 1403 in
563 1343 670 1402 bertine
691 1341 920 1402 transformasse.
967 1343 1041 1404 Uli·

145 1468 229 1519 ores,
252 1455 335 1508 vetuo
357 1447 492 1506 ltalorunr
515 1445 708 1525 pronuntiatio
730 1465 782 1524 pra
809 1443 986 1524 Odysseae,
1010 1445 1040 1504 in

147 1550 245 1610 altero*
268 1567 336 1608 caeu
370 1551 471 1608 Ulia-o·
493 1547 554 1609 riva
580 1547 700 1607 Ulixes·
722 1547 877 1606 dicebatur.
920 1547 984 1606 lain
1006 1546 1041 1606 ab

149 1648 349 1728 antiquissimis
382 1647 531 1720 veneficia,
571 1648 646 1726 quael
679 1648 838 1708 Bocbartur
870 1647 965 1706 multia
993 1648 1042 1706 tla-

148 1758 304 1823 monstrat,
327 1769 458 1827 angues
480 1755 510 1809 et
534 1744 682 1811 Calaber
703 1749 808 1823 Aspia
827 1749 1041 1829 mitigabantur,

149 1852 349 1931 sopiebantur,
372 1868 483 1910 veneno
505 1849 702 1928 privabantur,
725 1849 976 1926 protrahebantur,
998 1847 1044 1908 fu·

150 1953 308 2033 gabantur,
335 1948 364 2006 iu
393 1966 478 2006 cursu
505 1947 693 2018 aietebantur,
709 1944 824 2024 'torpidi
844 1949 1045 2007 aternebautnr

150 2059 201 2114 aut
228 2051 269 2110 ita
296 2049 492 2131 angebantur,
522 2054 555 2105 ut
581 2067 685 2126 corpus
705 2046 740 2105 iia
762 2053 812 2105 aut
833 2047 934 2106 colluur
955 2069 1044 2110 run·

148 2165 305 2233 peretur,
343 2157 374 2210 et
405 2155 554 2208 recantata
584 2147 677 2208 frusta
704 2147 829 2221 coirent}
859 2148 914 2208 nisi
936 2150 1046 2209 acilicet

151 2273 248 2314 aurern
279 2271 358 2311 nuanr
390 2249 455 2312 voci
486 2248 630 2310 veneficae
659 2249 841 2308 occluderent
868 2257 918 2309 aut
944 2257 1046 2311 contra

152 2353 306 2415 stridentes
339 2352 576 2410 incantamentum
609 2348 738 2410 iacerent
765 2350 885 2412 irritum.
927 2349 1045 2432 Frigi-

151 2459 215 2516 dae
235 2453 347 2536 frigere
368 2451 491 2510 naturali
512 2451 565 2522 ill,
588 2459 639 2512 9³.

197 2551 201 2558 ’
236 2560 373 2618 734-75.
417 2553 499 2633 Pupa
526 2553 616 2613 ternio
643 2551 699 2611 filie
728 2552 856 2613 liciorum
885 2555 976 2615 tribur
997 2577 1045 2616 ca·

150 2661 259 2720 loribus
282 2657 401 2718 diveraia
422 2675 441 2715 a
462 2673 548 2736 uaga
569 2653 797 2736 circumligatur,
825 2663 855 2716 et
875 2663 920 2717 ter
941 2658 1046 2717 circuni

152 2781 230 2821 arem
257 2759 378 2819 ducitur.
401 2791 433 2804 -
463 2757 537 2816 Poet
562 2777 590 2817 v.
612 2763 653 2816 72
676 2755 704 2814 iu
728 2755 877 2814 Heinieuei
900 2756 930 2814 0
947 2776 1047 2818 vernus

153 2865 310 2938 aequantur
337 2865 477 2928 ΙΙΙ-93,
505 2875 672 2935 quamquam
698 2853 774 2914 inira
800 2875 853 2914 nuo
879 2856 943 2915 lucc
964 2856 1048 2915 iidem

153 2961 289 3032 redeunt,
320 2965 351 3018 et
379 2977 406 3018 v.
435 2963 476 3018 76
507 2957 596 3015 decet.
639 2954 784 3014 Proximis
804 2955 902 3014 iocieia
921 2957 1049 3036 Amaryl-

154 3061 213 3122 lida
235 3079 346 3140 quoque
367 3078 395 3118 v.
419 3065 460 3119 77
482 3056 638 3134 reperinrna
660 3055 775 3134 aliquid,
798 3056 872 3133 quel
894 3057 1049 3137 llepbuidie

156 3163 280 3242 speciem
307 3159 407 3228 babet,
437 3156 594 3236 triplicibus
620 3155 676 3215 tilia
703 3163 749 3215 ter
769 3156 1050 3235 circumvolventenr3

157 3271 187 3324 et
208 3284 236 3324 v.
259 3269 301 3324 80
322 3259 505 3341 argillacearu
528 3266 680 3338 papamet
701 3277 820 3330 cereuna
842 3266 990 3339 utramque
1007 3262 1050 3322 ni·

157 3365 257 3426 nrirnnr
285 3361 410 3443 effigiem
431 3359 602 3440 Daphnidis,
629 3360 658 3419 in
679 3358 790 3420 flamma
810 3381 879 3421 arne
899 3363 1050 3442 reponitur.

156 3468 255 3527 lltreru
287 3483 374 3546 roaga
400 3481 475 3522 nunc
500 3461 696 3544 circumligati
729 3462 804 3522 Nibil
830 3469 885 3536 ert,
912 3465 987 3542 quod
1013 3464 1050 3524 ad
