2444 4020
178 280 242 346 ¹82
426 267 582 329 roboot
594 266 646 341 lX,
669 271 806 330 ro-oo.

176 441 265 511 cidon,
287 438 367 518 cujac
385 403 485 516 potira
501 433 670 494 montionem
686 431 818 503 faciebat,
840 433 920 493 clare
935 435 1074 494 decocto

178 540 400 618 conspicentur.
452 534 606 605 Numeri,
640 534 716 612 quod
750 534 924 610 comparatio
960 537 1071 616 arguit,

178 639 223 700 hic
250 639 320 699 meri
346 655 479 697 canorum
506 635 582 694 modi
607 641 687 706 eant,
716 633 884 694 dinumerati
910 642 941 694 et
964 635 1070 695 ictibnr

178 739 314 800 distincti.

262 842 397 902 co-co.
440 836 547 896 Moerin
567 855 668 897 verano
688 834 798 913 aliquot
819 853 858 894 ex
879 835 1007 895 carmine
1021 857 1072 896 ca-

179 940 237 1012 nit,
263 939 339 1018 qnod
364 937 513 998 Mennicae
539 955 689 1016 perronam
716 955 823 1016 gerone
849 935 990 1016 Virgilius
1006 937 1070 1015 jam

96 1077 99 1084 ·
161 1060 254 1100 ¹anno
281 1039 387 1099 DCGX
412 1039 441 1097 in
463 1056 566 1098 novum
585 1037 656 1096 tulii
677 1036 810 1096 Caesario
830 1035 910 1094 sidus
931 1037 1067 1115 punxisse

178 1141 306 1214 simniatp
335 1159 419 1219 quarn
439 1138 508 1198 aiiii
528 1137 591 1217 ipae
611 1157 629 1196 a
649 1135 962 1216 portoriore·fortunac
983 1136 1067 1196 vicis-

179 1241 303 1300 titudine
324 1240 476 1299 florendum
497 1239 631 1310 haberat,
652 1244 682 1296 et
702 1237 815 1296 sincero
836 1242 945 1296 tantum
966 1235 998 1294 in
1020 1236 1068 1296 de-

178 1339 306 1400 functum
327 1360 422 1400 amore
443 1339 549 1400 moveri
568 1344 675 1417 posset.
724 1333 865 1412 Daphne·
893 1332 1010 1416 (pastor
1035 1333 1067 1395 ti-

178 1440 273 1520 ctae),
293 1440 360 1520 qnid
380 1447 493 1503 vctcrce
514 1446 546 1498 tn
565 1439 664 1500 atellae
675 1437 814 1516 suspiciet
845 1437 955 1498 Novum
977 1436 1065 1510 eidos,

120 1529 125 1538 ’
179 1540 312 1600 Caesario
339 1541 432 1600 animo
457 1541 570 1610 lucens,
604 1556 704 1598 curtus
731 1537 790 1596 iilic
810 1537 884 1596 coeii
905 1537 1065 1618 ingressum

178 1645 238 1698 ectr
260 1640 296 1698 ad
317 1638 507 1698 maturitatem
529 1638 677 1718 frugibus,
699 1638 822 1698 colorem
843 1637 924 1708 uvis,
946 1637 1066 1696 mntem

177 1737 268 1818 pomis
294 1736 449 1799 ferendam.
471 1770 515 1784 -
535 1737 629 1803 Quum
656 1758 715 1797 noo
737 1738 824 1796 molto
846 1744 912 1816 post
933 1737 1066 1798 Caesaris

177 1857 285 1910 necem,
307 1857 380 1917 quac
400 1839 496 1898 tritos
516 1836 604 1898 fiebat
624 1839 737 1898 Martiis
757 1838 825 1898 anni
844 1836 961 1908 Decri,
983 1837 1064 1896 horca

178 1939 241 2020 cjur
267 1939 440 2001 Octavianus
464 1939 547 2000 iudae
573 1939 609 1998 ab
634 1939 683 1998 iiio
705 1945 789 2001 votos
809 1939 846 1998 ad
867 1938 988 1997 Veneria
1009 1939 1066 1998 Ge-

178 2039 295 2100 netricis
323 2041 454 2120 tempium
484 2041 706 2100 consecrandum
733 2040 849 2112 edcrct3
882 2058 933 2118 par
956 2046 1064 2118 reptem

179 2140 240 2199 dieo
272 2141 309 2200 ad
341 2142 455 2222 plagam
481 2140 684 2200 occidentalem
710 2139 927 2219 septemtriones
952 2157 1062 2208 ιιιιιιι,

177 2239 249 2300 horo
269 2247 337 2300 anta
357 2261 517 2320 vesperam,
538 2241 622 2300 stelio
641 2239 744 2300 crinita
764 2239 932 2320 apparebat,
954 2237 1066 2320 magni·

178 2339 276 2401 tudine
297 2361 354 2402 non
375 2341 518 2414 mediocri,
539 2361 622 2420 qnam
641 2341 762 2421 populna
780 2341 838 2403 diri
854 2339 987 2400 Caesarie
1004 2339 1067 2398 ani·

177 2459 262 2500 mom·
277 2461 341 2500 ease
369 2442 489 2519 putabat
514 2443 569 2501 Lb.
602 2443 631 2514 Ι,
659 2449 710 2504 32.
737 2447 810 2504 488.
873 2439 1066 2506 Quamobrem

176 2539 348 2599 Octavianus
361 2541 495 2599 Caesarie
507 2547 620 2601 atatim
635 2541 665 2600 in
685 2542 793 2603 vertice
813 2543 923 2602 atciiam
943 2538 1063 2620 figeirct,

176 2638 256 2699 etin
277 2657 375 2720 pugna
394 2639 512 2699 Actiaca
532 2642 615 2720 hujus
636 2643 737 2702 stallae
757 2643 912 2723 imaginem
932 2641 963 2700 in
979 2641 1066 2721 galea

175 2739 297 2800 habebat
317 2741 389 2820 rien.
410 2739 485 2814 Viti,
508 2747 580 2812 681,
601 2741 673 2800 artic
695 2761 807 2821 qnoque
827 2743 856 2801 in
879 2742 1013 2821 operibns
1034 2747 1066 2800 ct

176 2848 304 2902 cometae
324 2842 407 2921 hnjna
428 2841 539 2920 paterni
560 2847 590 2901 et
610 2841 721 2914 sideris,
743 2843 818 2921 qnod
834 2843 993 2920 simulabat,
1016 2860 1066 2901 nc-

175 2942 259 3002 taiitii
281 2943 339 3014 ani,
362 2941 543 3021 Capricorni,
565 2941 673 3022 insigni
693 2943 896 3002 honorabatur.
937 2941 1064 3014 Diome,

174 3039 236 3101 fitia
261 3043 368 3103 Oceani
390 3050 421 3102 et
441 3043 587 3120 Tethyos,
614 3040 738 3104 tabulam
758 3044 913 3104 recondam
933 3042 1066 3101 Homeri·

174 3159 236 3198 cam
263 3149 353 3200 mater
379 3148 443 3201 erat
466 3141 599 3214 Venaria,
627 3144 708 3224 cnjus
729 3163 748 3202 a
768 3151 847 3216 noto,
873 3144 990 3214 Aenea,
1012 3161 1066 3221 por

172 3239 262 3299 iniom
284 3259 359 3321 genn
370 3240 447 3299 Jnlia
463 3239 541 3300 fiinm
557 3243 679 3324 originis
694 3263 764 3303 ruoa
781 3243 940 3304 deducebat
956 3242 991 3316 V,
1009 3249 1063 3302 44.

171 3336 353 3400 Posteriores
374 3339 486 3400 Dianae
507 3361 610 3402 noman
638 3342 742 3403 Veneri
773 3361 982 3422 nonnumquam
1007 3341 1062 3421 ipri

171 3435 319 3508 tadmor,
341 3458 369 3500 v.
390 3458 417 3501 c.
437 3437 510 3498 Bion
528 3443 551 3513 1,
574 3450 630 3514 933
652 3451 682 3503 et
703 3443 830 3516 (tridino,
851 3437 964 3503 tabulae
977 3442 1059 3522 piene
