2280 4022
207 285 273 346 ruo
454 255 608 334 ncuoon
630 274 677 333 iv,
700 278 847 336 ra-as.

207 448 283 504 dum
309 439 469 503 moricum
492 440 521 523 ⁹)
553 450 583 502 et
613 440 801 520 Perpresaa
822 441 867 524 aa)
908 441 1071 524 appellatum,

205 545 367 604 Dioscoridi
386 542 448 625 ⁹⁶⁹]
476 545 573 622 planta
598 542 737 603 fruticosa
764 551 794 602 et
815 545 851 602 ad
871 563 993 602 coronas
1012 543 1074 601 utilis

207 653 265 717 est,
287 647 367 725 cujus
390 666 427 703 ex
448 645 558 717 radice,
581 639 782 704 cinnamomum
800 645 947 704 redolente
968 652 995 704 et
1013 642 1073 723 nigri

205 747 340 806 hellebori
370 745 467 815 simili,
502 745 590 802 caulis
612 745 783 824 angulosus,
812 745 983 822 aliquantum
1007 762 1073 822 asper

207 855 236 906 et
261 846 390 906 cubitalis
417 845 571 904 altitudinis
605 866 666 904 cum
698 845 824 907 verrucis
857 847 965 928 surgit,
992 863 1073 924 aspera

205 946 275 1006 folia
295 945 406 1017 ferens,
434 947 515 1005 albae
535 946 628 1006 violae
649 946 725 1005 baud
749 946 908 1018 dissimilia,
937 967 995 1006 cum
1014 944 1072 1002 llori·

206 1049 258 1108 bus
280 1047 464 1106 albicantibus
486 1050 683 1125 purpuraceis,
712 1067 828 1125 quorum
851 1048 927 1106 mitis
949 1055 978 1106 et
996 1044 1071 1104 suauis

206 1151 292 1222 odor,
317 1157 390 1208 teste
411 1149 563 1229 Plutarcho
585 1151 697 1228 ὅρμῳ.
719 1149 769 1218 ΙΙΙ,
794 1157 822 1218 1,
844 1167 974 1207 securum
992 1153 1071 1226 potan-

206 1251 280 1309 tibus
302 1270 432 1329 soporem
460 1249 552 1308 affert.
596 1250 679 1308 Hanc
704 1237 817 1326 quoque.
842 1248 966 1326 plantam
987 1244 1070 1327 (nostri

205 1351 331 1410 bomines
353 1371 418 1428 eam
440 1347 605 1431 ignorant),
636 1369 719 1427 quum
735 1338 847 1408 ¹ictibus
870 1349 1032 1429 serpentium
1049 1350 1070 1402 et

205 1450 385 1510 fascinationi
406 1452 566 1509 mederetur
591 1451 652 1526 Vll,
682 1457 731 1520 27,
754 1451 790 1508 ad
811 1452 982 1510 commodam
1002 1445 1070 1528 signi-

205 1552 364 1612 ficationem
385 1549 542 1610 faciendam
564 1558 649 1632 poeta
666 1552 819 1629 prudenter
840 1552 941 1632 elegit.
982 1549 1070 1610 Delta

204 1653 260 1712 lico
282 1649 437 1724 acantho,
465 1653 512 1731 qui
533 1659 649 1732 propter
671 1652 743 1710 bene
764 1658 857 1710 tortos
877 1671 980 1732 scapos
999 1657 1024 1709 et
1039 1645 1070 1705 lo

205 1754 244 1812 lia
271 1753 377 1834 insigni
405 1763 571 1812 ornamento
599 1753 782 1832 topiariorum
819 1759 882 1810 erat
910 1775 940 1814 v.
966 1753 1009 1822 ΙΙΙ,
1034 1749 1070 1806 45.

205 1854 370 1926 Fundere,
393 1855 502 1914 abunde
521 1853 596 1912 serre
608 1854 663 1924 lX,
686 1861 759 1914 41„
783 1848 1070 1930 Colocasiamappel·

204 1957 302 2032 labant
323 1957 442 2015 Romani
457 1957 577 2030 falam
586 1953 802 2032 Aegyptiam,
824 1974 981 2034 optumam
1002 1951 1069 2030 cuju

207 2065 280 2117 teste
302 2057 470 2117 Dioscoride
482 2054 535 2137 †),
564 2056 604 2114 ita
625 2058 734 2114 radix
755 2052 863 2114 tantum
885 2055 997 2136 proprie
1014 2051 1069 2110 dior·

205 2158 297 2216 botru.
322 2151 451 2216 'Eximio
472 2158 583 2236 planta,
611 2174 683 2234 quae
710 2156 738 2214 in
759 2157 875 2216 lacuum
899 2165 930 2216 et
950 2153 1069 2236 paludibus

205 2264 268 2318 erat
289 2259 413 2340 Aegypti
434 2265 464 2316 et
484 2257 584 2330 Asiae,
607 2237 708 2336 scapos
729 2258 852 2317 habebat
868 2259 994 2340 digitalis
1012 2270 1068 2313 cras

205 2359 350 2431 situdinis,
372 2359 551 2440 longitudine
573 2367 693 2438 quatuor
715 2359 885 2432 cubitorum
909 2360 991 2420 flores
1009 2356 1069 2415 eraut

205 2463 301 2520 colore
324 2481 408 2518 roseo
415 2502 423 2531 ,
458 2461 542 2538 duplo
570 2461 692 2540 majores
720 2480 802 2538 quam
829 2462 992 2541 papaveris,
1015 2469 1069 2534 q¹¹⁰⁸

205 2562 241 2620 ad
269 2579 389 2619 coronas
415 2559 557 2619 Nicander
576 2560 635 2642 ††)
674 2562 800 2621 adbiberi
833 2563 931 2643 jubet,
969 2556 1070 2636 etpost

203 2661 288 2720 liores
310 2660 388 2726 cellis
409 2681 503 2720 semen
531 2661 667 2720 inclusum
690 2670 766 2734 erat,
798 2662 927 2724 favorum
949 2659 1069 2722 similitu,

204 2763 341 2841 equibus
372 2763 408 2821 ad
435 2763 558 2822 tricenas
589 2762 670 2823 fabas
696 2765 856 2826 exstabant.
900 2763 1070 2827 vescebantur

272 2978 299 3046 ⁶)
335 2982 401 3032 rrrrr.
419 2980 443 3030 a.
461 2995 487 3030 a.
506 2979 577 3044 xxi,
596 2979 637 3032 16.
656 2979 715 3046 xu,
734 2961 780 3034 ro.
883 2995 885 3000 ·

271 3077 315 3146 η)
350 3079 385 3130 ib.
410 3079 481 3144 XXI,
505 3079 539 3130 77
563 3079 596 3131 of.
619 3083 734 3134 mosem.
759 3082 834 3134 ootbn
849 3101 876 3150 p.
906 3081 956 3136 441
978 3077 1016 3133 od.
1033 3075 1070 3124 Su

203 3197 294 3234 l'dwelll·

254 3279 331 3348 Μ)
365 3283 450 3333 Diosc.
469 3282 514 3348 ΙΙΙ,
532 3280 566 3335 51
585 3281 632 3351 (44
649 3285 687 3336 ed.
710 3284 853 3352 ὅμαιμοι)

270 3380 305 3448 τ)
339 3383 453 3436 unam.
471 3383 504 3449 u,
523 3383 581 3436 128.

271 3481 330 3550 ††)
365 3485 495 3565 Nlcmrdcr
510 3483 543 3536 fr.
562 3485 594 3536 Χ.
