2462 4028
207 323 272 386 222
467 312 673 388 nondun&
696 317 832 376 55-58.

206 484 351 556 nuntiare,
374 490 554 563 potiusque
579 483 609 541 in
631 481 777 542 saltibus
797 481 842 540 bis
864 479 1018 554 solitariis,
1048 485 1102 543 ab

205 590 327 648 lustris
347 587 474 658 saxosis,
496 585 596 644 sitiens
617 603 707 643 meum
727 583 897 643 desiderium
914 589 1010 658 padi,
1042 606 1101 644 us·

204 709 342 768 meaque
373 700 505 748 muscae
537 687 566 745 in
603 687 720 745 arbores
753 687 888 745 incidere.
936 687 1099 762 Speleou,

205 783 350 868 σπήλαια,
372 810 423 868 pro
445 789 759 862 tritiorespelsmcac‚
783 786 1100 868 peregrinitatiseann

205 891 357 962 delectum,
384 890 473 970 ipsios
494 889 569 949 Galli
596 890 625 948 in
653 890 713 948 Ciri
741 911 769 950 v.
791 896 854 951 467
880 890 1024 968 exemplo.
1066 890 1100 948 ln

204 993 346 1051 montibus
367 983 512 1052 Arcadicis
528 1012 591 1050 non
614 996 693 1069 apri
715 997 823 1050 tantum
844 1011 872 1052 n.
896 996 947 1062 56,
969 991 1023 1050 scd
1036 991 1100 1069 lyn-

205 1114 253 1155 ces
274 1094 359 1154 etium
381 1102 410 1152 ct
430 1095 490 1152 orsi
511 1092 627 1151 merant
648 1094 722 1165 vm,
746 1103 774 1154 3.
817 1093 969 1152 Amatores
990 1093 1100 1152 Gnaei

204 1197 235 1256 in
256 1196 425 1275 parietibus,
453 1197 482 1254 in
504 1195 657 1254 corticibus
677 1195 808 1253 arborum
830 1202 859 1253 ct
879 1193 956 1252 loliis
977 1193 1100 1254 validio-

203 1298 282 1357 ribus
303 1305 414 1358 amatae
435 1317 536 1356 nomen
556 1297 698 1356 delineare
710 1297 848 1367 solebant,
870 1296 1100 1374 pulcbraeprae-

205 1399 348 1459 dicatione
367 1399 477 1470 addita,
499 1396 647 1477 Κυδίππη
669 1395 756 1477 καλὴ,
780 1399 931 1478 Cydippe
938 1395 1098 1472 pulchra,

206 1500 314 1560 Gallim.
339 1483 393 1574 fr:
425 1501 484 1573 013
528 1519 614 1579 saepe
646 1519 758 1579 quoqne
769 1543 779 1574 ‚
819 1500 845 1558 si
877 1499 1013 1578 majorem
1047 1501 1097 1557 ba-

204 1602 305 1660 berent
333 1601 362 1658 in
390 1601 542 1660 corticibus
563 1601 704 1660 scribendi
726 1601 959 1661 exercitationem
981 1601 1019 1674 V,
1043 1608 1095 1671 13,

203 1700 361 1782 longiorem
384 1694 480 1782 ῥῆσιν,
503 1702 612 1780 qualem
634 1704 708 1781 apud
729 1703 915 1762 Theocritum
927 1703 1029 1774 xvul,
1052 1709 1097 1764 47

203 1803 330 1862 Helenae
351 1801 468 1862 comites
488 1802 518 1861 in
540 1803 669 1882 platano:

238 1938 373 2004 Sesslpetur
388 1939 466 2004 odonis
482 1939 509 1988 s'o
526 1939 624 2002 eadee,
641 1940 795 2004 wedericus
811 1944 838 1988 ut

237 2025 333 2074 Dorica
349 2024 445 2088 compta
462 2023 543 2090 boot:
564 2023 683 2076 Vereuso:
701 2025 813 2074 Helenus
828 2023 888 2074 burc
905 2039 949 2089 eqo
965 2026 1065 2090 plasta.

203 2159 342 2221 Amores
364 2159 418 2218 dici
438 2166 534 2238 potest
555 2171 679 2231 amata,
702 2161 783 2240 cujus
804 2181 919 2220 musea
936 2160 1089 2220 eumarbo-

203 2263 281 2322 ribus
307 2261 419 2320 erescit.
462 2261 506 2320 lta
528 2261 621 2322 ovidii
646 2262 770 2340 loquitur
798 2263 916 2321 Oenone
942 2263 975 2320 de
1001 2259 1092 2344 sagis,

203 2363 232 2424 in
254 2363 354 2444 quibus
375 2361 458 2421 Paris
479 2383 580 2422 nomen
602 2364 664 2444 ejus
684 2363 817 2436 sciderat,
838 2365 923 2424 Her.
946 2363 980 2435 V,
1003 2371 1060 2426 23:

246 2511 248 2520 ’
270 2512 307 2560 Et
322 2517 440 2576 quantum
456 2515 546 2577 trrurd,
564 2519 661 2564 tuntum
676 2528 732 2564 mcc
748 2516 848 2566 omnim
864 2520 990 2566 mensal:

409 2595 526 2659 Cumulo,
544 2603 568 2648 rt
583 2599 611 2648 ln
627 2599 714 2650 titulos
729 2601 823 2664 ssrydtc
838 2607 908 2652 rema
923 2615 1000 2652 meos.

202 2714 262 2774 Sed
288 2731 356 2772 usus
384 2711 557 2794 Virgilianos
584 2703 714 2776 validiori
742 2717 820 2780 favet
851 2721 1023 2780 sententiaa:
1057 2726 1091 2778 ut

202 2837 265 2877 cum
285 2816 442 2888 arboribus,
464 2835 536 2895 quae
558 2816 873 2880 confessionemferunt
888 2821 1003 2893 amoris,
1027 2821 1089 2901 ipse

202 2940 304 2991 umor,
326 2917 493 2978 desiderium
513 2917 585 3002 fuga
605 2921 728 3000 elapsae,
750 2929 902 2983 accrescat.

330 3024 476 3083 55-58.
520 3023 592 3082 llum
619 3023 705 3084 vitam
730 3025 803 3084 benc
828 3045 885 3107 ego
912 3024 1093 3103 tranquillam

202 3122 341 3182 Arcadiae
362 3121 436 3181 inter
457 3124 582 3182 carmina
593 3133 737 3204 pastorum
749 3139 779 3186 et
790 3127 956 3186 desiderium
972 3126 1089 3197 amoris,

203 3225 317 3285 varians
339 3243 404 3304 ego,
426 3226 508 3283 modo
531 3226 684 3286 bacchante
707 3247 767 3288 eum
791 3230 946 3291 0readibus
968 3232 1091 3290 altorum
1213 3245 1214 3296 l

203 3325 337 3386 montium
358 3325 470 3395 eborea,
493 3327 576 3386 modo
598 3330 750 3390 venatione
772 3333 902 3404 robusta,
924 3353 1009 3392 curos
1032 3333 1087 3390 dis·

203 3426 312 3504 pellam.
333 3457 375 3474 -
397 3426 531 3491 Quamvis
551 3447 648 3488 amore
669 3431 791 3510 periens,
814 3433 913 3492 Gallus
935 3442 1026 3493 tarmen
1050 3451 1085 3491 ue

203 3526 245 3586 sic
270 3524 382 3604 quidem
407 3525 599 3586 torutudinen
628 3530 713 3589 animi
740 3534 903 3612 despondet.
947 3536 1086 3595 Interea
