2444 4020
392 281 547 344 ECLOGA
570 281 643 354 Vlll,
667 286 761 343 1—6.
883 324 885 332 ι
957 291 1024 352 Ιο7
1098 342 1102 346 .

130 451 242 512 aestivo
265 471 293 511 v.
307 455 357 510 ’14
379 450 408 508 in
431 449 573 508 montibus
595 449 706 510 obviem
727 449 811 520 sueti,
845 449 955 508 Damon
975 471 1024 529 pu·

130 560 239 613 storem
262 552 298 610 ob
320 558 431 610 omutue
442 549 587 630 perfidiam
600 551 678 612 canit
690 552 900 630 desperantem
922 552 1025 631 Alphe·

130 655 263 724 siboeus,
302 653 396 732 puelle
425 651 532 712 rusum
559 653 709 713 volotieum
736 653 876 731 quomodo
904 660 1024 712 emotum

132 765 249 835 puerum
273 753 392 834 magieis
414 754 450 812 ud
471 773 504 812 se
525 755 671 813 retrahere
692 754 802 813 ortibus
815 755 905 834 eupit.
949 755 1024 816 lovi·

133 856 269 915 tutionem
310 857 346 914 od
383 853 501 913 enricum
540 863 682 914 oertomeu
716 863 802 934 polito
833 876 890 913 nou
923 855 1024 927 minus,

134 975 230 1036 quom,
253 975 326 1034 quoe
347 955 376 1012 in
399 953 456 1014 fine
478 975 542 1014 esse
563 952 708 1027 nolebant,
731 941 841 1036 gratius
863 957 974 1016 habitus
996 965 1026 1016 et

133 1059 210 1116 dono
231 1058 299 1116 doto
316 1057 520 1135 praetermisit3
547 1039 586 1116 el.
611 1078 638 1118 v.
660 1065 710 1118 62.
753 1059 881 1135 Uterque
903 1066 948 1116 ert
968 1078 1025 1116 ar·

134 1163 338 1230 meritorius,
367 1177 485 1236 quorum
512 1155 640 1238 llugruns
669 1159 800 1236 cupidine
821 1165 921 1216 contus
944 1179 1026 1238 prue-
1050 1227 1056 1234 ¹

134 1261 230 1320 sentio
255 1259 339 1318 lrodie
368 1279 425 1317 non
458 1259 541 1318 modo
564 1266 708 1330 armentu,
745 1259 795 1318 sed
817 1258 894 1318 seros
915 1280 1033 1339 quoque·

135 1383 153 1422 e
180 1361 261 1422 silvis
287 1367 435 1434 evocatos,
468 1361 513 1422 vel
535 1367 623 1419 totum
646 1367 775 1419 naturum
798 1361 946 1421 inanimam
968 1381 1026 1421 mo·

135 1470 192 1524 vet.
237 1463 298 1522 flue
318 1469 444 1524 veterum
461 1462 570 1534 animis,
594 1463 641 1540 qui
658 1459 752 1542 magis
764 1463 911 1534 ardebunt,
933 1464 1027 1524 eliens

136 1583 193 1622 non
217 1564 278 1624 riso
298 1563 459 1636 allectione,
482 1583 535 1623 suu
555 1583 640 1626 senso
662 1564 792 1642 quonium
815 1572 931 1643 pectore
952 1585 1027 1624 conr·

136 1673 230 1724 motus
251 1665 361 1724 naturis
382 1665 487 1724 nircum
510 1666 708 1743 proesentibus
730 1667 804 1726 solet
825 1667 958 1738 tribuere,
981 1667 1027 1725 Si·

74 1775 78 1782 “
136 1761 336 1844 leui'quoque
357 1767 482 1824 sublimis
505 1753 590 1825 enimi
612 1767 698 1826 eletio
722 1769 775 1839 ΙἸ,
805 1774 931 1828 27*-30
953 1768 1027 1827 Fou-

137 1887 190 1926 nus
218 1875 248 1925 et
275 1866 352 1925 ferus
374 1873 404 1924 et
425 1867 556 1938 arbores,
587 1875 758 1946 postremum
780 1868 888 1926 eoelum
910 1869 1027 1928 stellife-

137 1989 199 2026 rum
221 1967 324 2037 uffieit3
347 1966 470 2044 postoris
491 1967 762 2044 quoque=nlpollinis
783 1985 895 2026 carmen
917 1969 965 2039 Vl,
988 1977 1026 2030 8³

137 2071 274 2126 Eurotam
305 2074 334 2126 et
361 2068 450 2126 eolles
476 2068 629 2125 lourorurn.
688 2069 808 2126 Carmen
836 2089 893 2126 non
921 2076 1028 2128 tuntum

137 2169 310 2240 bucolicum,
338 2169 460 2228 traditus
488 2168 524 2226 de
555 2168 668 2248 Orpheo
691 2175 720 2227 et
741 2169 897 2248 Amphione
918 2169 1029 2230 fribulae

138 2290 276 2348 sequeno,
311 2271 417 2328 bestius
447 2269 582 2329 animavit
603 2271 734 2328 sensibus
756 2271 794 2341 V,
829 2274 880 2330 25.
902 2271 1029 2330 Tlreoor.

139 2373 163 2444 Ι,
187 2375 329 2442 71-753
351 2370 441 2448 plebis
463 2389 575 2447 quoque
597 2371 725 2451 vulgaris
747 2371 842 2450 opinio
858 2372 1028 2450 voluptutem

70 2517 74 2524 .
138 2472 175 2530 iis
195 2492 232 2531 ex
254 2471 334 2530 sonis
356 2469 558 2549 concinnisque
580 2473 701 2531 motibus
723 2467 800 2532 dedit
821 2473 876 2531 Lb.
899 2473 951 2544 ΙΙΙ,
976 2480 1026 2536 64.
1069 2513 1071 2516 -

139 2573 170 2632 ln
199 2573 243 2631 lois
268 2571 342 2632 fietis
365 2573 495 2651 quiequid
517 2573 715 2632 blanditiarum
738 2573 827 2646 inest,
864 2576 899 2633 orl
920 2576 1028 2636 Pollio-

140 2695 202 2734 nem
230 2675 274 2746 id,
311 2675 359 2753 qui
386 2682 582 2756 argumentum
611 2676 647 2734 od
675 2677 892 2737 commovendos
919 2679 1028 2736 animos

140 2783 347 2855 proposuerat,
379 2777 462 2836 rerlit.
514 2777 667 2836 Juvenum
695 2799 747 2856 pro
774 2784 916 2847 armento,
949 2781 1029 2857 cujus

140 2878 231 2956 major
259 2897 391 2936 uumerus
412 2897 517 2937 vocene
545 2885 612 2935 sunt
640 2878 692 2936 Lb.
722 2879 776 2947 ΙΙΙ,
804 2885 855 2936 63.
908 2878 1027 2956 Lyram,

140 2995 230 3054 ropux
253 2977 491 3056 septemtrionalis
513 2977 566 3035 Ln.
589 2979 644 3047 ΙΙΙ,
674 2983 750 3047 264,
778 2978 813 3035 uls
835 2965 933 3049 ltalia,
955 2982 1030 3058 quod

141 3077 252 3136 Plinius
281 3079 337 3149 uit,
366 3078 480 3148 uberet3
511 3097 677 3155 quemquam
700 3097 789 3148 nuno,
818 3085 892 3138 teste
915 3081 1029 3159 Salisio,
1121 3109 1124 3118 ·

141 3177 170 3236 in
188 3178 291 3255 Apulia
310 3177 462 3256 reperitur,
484 3179 599 3237 deserto
620 3178 750 3256 quonium
772 3182 886 3240 soeculo
907 3181 1031 3248 fortusse

141 3279 274 3338 foeturae
297 3280 359 3358 ejus
380 3277 524 3338 fovebunt.
567 3281 728 3338 Secundum
752 3279 862 3342 subules
883 3283 1030 3350 OuMet.

144 3381 185 3452 V,
211 3384 273 3440 649
296 3380 427 3458 Lyncus,
452 3399 503 3439 rex
526 3381 678 3459 Scythiae,
701 3383 736 3441 od
759 3405 838 3463 quern
861 3384 1029 3448 frumentum

142 3482 339 3562 Triptolemus
369 3481 523 3555 offerebat,
557 3483 584 3541 iu
613 3485 720 3560 lyncem
749 3493 870 3546 mutatus
896 3497 959 3564 θείς
992 3511 1029 3550 ex
