2444 4020
201 285 267 348 tto
451 275 606 338 meoet
628 275 680 349 lX,
705 282 839 340 ss-so
964 326 970 333 .

200 401 275 506 dam
294 441 369 526 (viro
397 445 446 506 isti
473 446 596 508 evirato·
611 463 671 504 ano
698 447 814 506 multrrm
835 446 1018 521 dissimilem,
1048 453 1106 530 qui

200 549 302 627 pileum
325 546 433 626 pellicis
454 567 524 606 suae
545 547 720 606 aminiculo
742 545 838 607 hirtius
852 548 1007 629 surripuit)
1029 571 1102 610 cnr.

200 669 262 708 men
290 648 364 708 iuter
390 649 511 707 eundum
538 649 719 707 decantatum
746 649 818 708 satis
845 649 950 710 hahere
974 651 1095 710 auribus

200 751 235 812 eh
257 770 292 808 en
313 749 418 808 furari:
448 749 549 820 dicite,
576 748 743 808 facetiarum
764 749 974 830 intelligentes,
997 759 1095 810 utrum

199 871 264 910 esse
280 850 419 930 jocosius.
462 845 541 916 Quot
561 850 686 908 carmina
708 850 865 928 pastoritia,
888 852 992 910 tertiae
1009 873 1094 930 prse-

199 952 299 1011 scrtirn'
317 959 347 1010 et
368 939 504 1030 septimun
525 953 661 1032 eclogae,
684 940 754 1028 quet
775 949 912 1022 artificia,
934 952 1091 1030 quoeimi·

199 1053 305 1113 tamine
327 1053 430 1113 essent'
444 1052 583 1124 veritatis,
606 1053 680 1129 apud
698 1051 846 1111 Horatium
865 1053 980 1112 ctelios
992 1073 1089 1113 crasse

200 1175 237 1214 cx
259 1155 343 1214 litera
363 1155 534 1234 interpretes
552 1153 732 1232 interpretati
750 1155 830 1212 sunt!
853 1154 981 1231 Nuper,
1005 1175 1089 1233 quum

198 1255 279 1316 fundi
302 1256 451 1338 virgiliani
473 1255 594 1313 nondum
617 1261 790 1314 metueretur
811 1254 991 1330 distributio,
1014 1253 1088 1314 festo

198 1358 318 1436 quodam
340 1357 400 1429 die,
428 1357 527 1427 endo,
554 1377 607 1435 per
627 1363 805 1415 auctumuum
826 1363 878 1416 eut
898 1355 1015 1416 hiemem
1037 1376 1089 1436 ge·

198 1457 301 1517 aialem
328 1459 383 1518 Lh.
411 1459 439 1530 Ι,
474 1466 550 1527 301,
580 1457 608 1515 io
636 1457 730 1538 agris,
760 1477 815 1535 quo
837 1466 938 1518 motus
959 1465 1088 1516 amantes

198 1559 279 1619 amici
306 1559 349 1618 sic
370 1578 387 1616 e
408 1558 527 1629 vicinia,
554 1564 587 1616 ut
606 1559 642 1616 ed
665 1558 837 1637 praediolum
860 1558 974 1618 lloratii
994 1561 1087 1618 Seru.

197 1659 238 1728 ll,
266 1666 302 1732 6,
330 1663 370 1719 65
399 1665 467 1716 ante
494 1658 596 1716 Larem
622 1659 800 1730 familiarem,
829 1660 941 1720 euocati
963 1659 1088 1732 fuerant,

197 1751 305 1818 lineris
326 1757 414 1818 alacri
435 1764 528 1818 animo
551 1777 637 1817 unum
660 1781 697 1820 ex
714 1761 884 1820 carminibus
896 1762 1013 1840 juvenis
1027 1760 1088 1818 vtr-
1214 1833 1215 1836 Ἴ

197 1859 261 1942 gilii
287 1859 472 1932 recitaverat,
500 1861 575 1939 quad
597 1861 722 1938 Lycidas
742 1863 906 1922 auscultans
927 1861 1087 1922 memoriter

197 1961 322 2025 tenebat.
386 1962 530 2022 Nostrae
566 1964 726 2033 delicias,
780 1970 906 2022 unstrsm
953 1982 1085 2033 amorem,

196 2062 290 2123 fictam
313 2063 382 2122 dicit
403 2064 527 2142 Lycidas
549 2063 775 2142 Amaryllidis
798 2065 933 2142 speciem:
955 2065 1086 2142 quoniam

196 2164 253 2222 isto
284 2184 339 2244 uon
363 2165 453 2223 miuus
475 2183 576 2242 saepe,
610 2183 691 2242 quem
714 2163 850 2242 Phyllidis
870 2167 924 2238 ΙΙΙ,
958 2172 1009 2226 76.
1032 2172 1085 2226 78.

199 2272 276 2336 107,
306 2265 420 2324 nomine
452 2266 578 2324 Veneres
606 2285 673 2323 suas
703 2271 833 2342 pastores
860 2267 888 2324 iu
914 2265 1087 2324 carminibus

196 2365 397 2446 significabant
418 2367 454 2438 ll,
480 2374 528 2428 14.
551 2367 600 2440 ΙΙΙ,
623 2373 678 2439 813
702 2367 856 2446 eodemque
877 2366 1005 2426 nimirum
1029 2367 1087 2442 lay·

197 2466 275 2524 cidas
310 2485 422 2542 quoque
449 2487 526 2526 suam
554 2467 583 2526 in
611 2467 742 2528 versibus
773 2468 919 2548 designat,
951 2467 1087 2526 carminis

196 2563 294 2622 rustici
317 2565 454 2644 magister
476 2587 502 2626 ι.
526 2573 578 2629 ³2.
621 2571 667 2630 Se
680 2571 796 2642 fisse.
820 2589 854 2628 se
870 2570 997 2648 jactare:
1027 2569 1087 2626 ala-

195 2685 270 2725 crem
293 2665 414 2724 habitum
438 2666 531 2746 pingit
547 2669 675 2746 speciose
690 2670 858 2729 incedentis.
905 2671 1017 2746 Caper
1031 2689 1088 2746 pc·
1211 2715 1212 2747 n

195 2769 321 2838 taleas,
350 2766 397 2846 qui
424 2787 463 2826 ex
485 2769 644 2829 Theocrito
666 2771 809 2830 desumtus
831 2777 891 2842 est,
923 2778 969 2830 est
988 2769 1089 2849 amplis

72 2875 75 2882 ’
195 2870 343 2941 coraibus,
374 2869 448 2930 uillis
476 2871 547 2930 alhis
569 2877 599 2930 et
620 2873 753 2952 prolixis,
786 2875 821 2932 dc
842 2891 951 2954 genere
973 2891 1088 2952 caprae,

122 3001 127 3011 ¹
195 2991 277 3050 quam
307 2991 381 3030 uuvnc
408 2972 519 3044 dicunt,
548 2973 737 3052 Angolensis3
769 2975 859 3034 Siculi
885 2993 946 3032 eam
968 2980 998 3032 ct
1023 2973 1088 3032 lteli
1210 2969 1211 3001 ³

121 3115 123 3122 ·
194 3092 231 3132 es
259 3071 356 3132 Africa
382 3073 524 3134 habebant
545 3074 598 3134 Lu.
621 3075 675 3146 ΙΙΙ,
708 3085 779 3137 311.
823 3077 868 3135 Ad
890 3073 1088 3153 expulsionem

194 3173 308 3253 Virgilii
340 3193 454 3234 carmen
488 3176 541 3234 hoc
575 3195 666 3254 nuper
697 3182 841 3235 cantatura
868 3197 926 3235 non
954 3175 1087 3236 allusisse

193 3282 321 3352 poterat3
354 3275 425 3334 alies
452 3275 541 3349 onim,
573 3283 605 3336 ut
630 3277 754 3356 reliques
780 3278 904 3356 ineptias
931 3284 1085 3347 amamus,
1208 3349 1209 3358 χ

193 3393 251 3432 ana
286 3375 371 3434 hodie
403 3375 511 3434 demum
539 3377 664 3454 Lyeides
690 3399 752 3438 eam
779 3379 921 3440 demirans
947 3378 1084 3438 audisset.

193 3475 237 3539 elo
259 3473 385 3551 Lycidas
406 3493 493 3546 nunc,
524 3478 617 3538 locum
638 3480 713 3540 hanc
732 3477 864 3540 carminis
885 3480 1011 3561 eligens,
1038 3485 1083 3538 ts·
1208 3459 1209 3507 Ι
