2380 4028
185 251 235 316 so
432 241 587 304 ucnoan
608 241 656 314 vr,
684 212 830 308 orl-rs.

187 412 249 474 uati
275 410 410 492 vestigia¹
425 411 590 481 rnauebont,
618 417 648 470 et
675 409 703 468 in
732 409 941 489 imperitissimo
962 430 1091 490 qnoque

188 513 326 593 scriptore
352 511 510 572 firmissima
537 512 601 574 Lib.
631 513 660 584 1,
695 519 768 574 481.
822 512 929 572 Nomen
958 512 1088 574 Eridani

187 621 279 676 eutem
307 615 387 674 Pado
414 615 575 688 Adriatico,
616 613 664 693 qui
689 613 926 674 celebratissimus
955 623 1018 674 erat
1046 615 1084 674 in

187 717 330 782 erroribus
349 717 475 788 heroum,
498 715 680 776 constitutum
693 716 836 776 manebat:
860 716 966 775 Strabo
978 737 1083 795 quam·

109 885 117 893 ⁶
187 838 278 896 quom,
300 817 431 896 quoniam
456 818 605 876 Eridanum
627 825 753 878 veterum
774 817 803 876 in
826 805 961 878 Celticum
983 820 1084 879 Ocea-

186 939 250 981 num
275 917 402 978 *influere
429 919 557 991 videbat,
591 925 699 978 tantum
726 919 754 977 in
783 919 888 980 vicinia
912 919 983 978 Padi
1013 941 1083 980 eun

186 1020 306 1100 positum
329 1021 490 1100 quaerebat.
522 1010 615 1080 'Nunc
637 1021 682 1082 vel
703 1021 739 1080 ad
756 1021 893 1092 Padum,
914 1021 958 1082 vel
979 1021 1010 1080 in
1035 1023 1082 1082 in-

187 1123 256 1182 snlis
288 1123 467 1183 electridibus
494 1130 561 1184 oute
589 1124 663 1203 ejus.
677 1123 797 1198 ostium,
831 1123 874 1182 vel
896 1124 931 1182 ad
953 1124 1081 1184 virinum

187 1225 300 1304 aliquod
329 1233 461 1308 stagnum
483 1226 675 1305 sulphureum,
702 1225 799 1286 silvam
821 1245 885 1284 esse
907 1223 1079 1286 fabulaban-

97 1309 98 1316 *
188 1332 234 1386 tur
260 1328 391 1386 orborum
418 1327 654 1417 electrifereruro,
671 1383 673 1388 ,
690 1327 750 1388 sive
778 1327 943 1406 populorum
973 1328 1082 1409 nigra-

129 1401 137 1426 *
186 1445 262 1499 roro,
295 1429 356 1490 sire
384 1433 552 1500 oleorum,
586 1449 658 1508 quoe
680 1430 715 1488 ad
737 1429 843 1488 Padurn
861 1430 1078 1508 trequentiores

187 1535 282 1601 eraut,
316 1530 378 1593 sive
403 1531 518 1590 larinum
545 1537 595 1588 out
622 1530 750 1609 pinnum,
792 1549 907 1608 quarum
935 1532 1076 1594 Gallicum

97 1679 106 1704 ,
187 1649 287 1688 nomen
314 1630 424 1690 Partes
451 1629 551 1702 fluuius
578 1631 683 1690 habere
706 1631 867 1690 dicebatur:
902 1633 965 1692 dnm
988 1655 1108 1713 quae-s

185 1730 266 1790 rendi
302 1731 487 1793 studiosiores
520 1731 603 1792 etiam
637 1739 695 1791 tom
723 1723 867 1814 originarii
890 1735 998 1794 succini
1024 1745 1079 1797 snt

185 1833 409 1912 septemtrionali
430 1834 554 1906 Oceano,
578 1834 625 1894 ubi
647 1835 683 1894 ad
706 1835 878 1894 occidentem
900 1837 988 1896 solem
1010 1859 1076 1918 spe-

186 1941 261 2008 ctat,
287 1942 339 1996 eut
366 1937 515 1997 arboribus
536 1933 675 1996 resinosis
697 1926 808 1997 et'sole
830 1946 915 1998 noctu
938 1940 1075 2002 redeunte

186 2037 353 2110 calentibus,
384 2059 456 2117 quae
472 2038 522 2098 'ibi
544 2045 649 2110 essent,
671 2039 796 2099 tribuero
817 2059 873 2098 non
896 2040 1075 2101 destiterunt.
1119 2052 1125 2069 ¹

271 2145 439 2202 64-73,
505 2140 573 2200 lnde
608 2140 726 2199 Silenus
757 2146 899 2200 moris
936 2141 1072 2223 Grynei,

184 2237 340 2318 Apolline·
362 2247 506 2314 ιαοναιὸ,
521 2241 693 2332 ,ΐιιὶιιιίοιιιιιιὸ
707 2241 847 2323 originem
869 2263 973 2304 eernere
993 2245 1076 2305 insti·

186 2343 255 2416 tuit3
287 2345 338 2404 sed
359 2344 434 2424 ipre,
465 2345 530 2406 vino
549 2363 717 2424 quemquem
740 2345 846 2414 elatus,
882 2347 1025 2423 quomodo
1047 2348 1077 2408 id

185 2446 230 2505 vel
253 2446 355 2504 elotius
377 2446 421 2504 vel
443 2445 567 2524 Apollini
584 2445 737 2525 jucundius
758 2445 854 2504 faeere
870 2447 970 2525 possit,
992 2468 1075 2527 quaer

189 2543 337 2604 Gallus?
365 2545 450 2604 Canit
471 2545 574 2626 igitur:
597 2547 697 2607 Gallus
719 2547 1074 2630 quemadmodum‚.qnuar

186 2644 304 2724 primum
349 2645 463 2724 politico
505 2643 639 2722 auderet,
683 2649 721 2707 ad
765 2648 928 2708 Heliconem
973 2653 1074 2732 pavide

185 2765 300 2819 errans,
334 2745 370 2808 ab
400 2765 457 2806 uno
482 2747 625 2811 Musarum
654 2749 682 2808 in
705 2759 825 2810 montem
848 2752 949 2812 ductus
971 2753 1072 2829 fuerit;

186 2869 283 2910 omnes
316 2848 454 2931 Apollinis
488 2856 589 2929 po'e'tae
616 2859 646 2910 et
672 2852 799 2932 poetriae
827 2851 923 2912 futuro
942 2856 1072 2947 ¹principi

185 2953 414 3044 praesagientes,
433 2952 566 3019 honoiem
602 2954 741 3032 quomodo
777 2954 940 3028 babueriot,
979 2966 1010 3018 et
1037 2959 1074 3021 de

185 3055 253 3114 sede
273 3075 326 3114 sua
346 3055 538 3126 surrexerint3
560 3063 589 3114 et
612 3057 717 3127 Linus,
739 3057 908 3123 auctoritate
928 3061 1074 3140 gravissi-

185 3175 263 3229 mus,
294 3157 522 3236 quemadmodum
544 3177 562 3216 a
583 3156 672 3217 lllusis
690 3159 788 3240 jussus
810 3157 926 3219 Hesiodi
949 3161 1072 3224 fistulam

185 3258 213 3318 ei
246 3257 411 3330 tradiderit,
450 3267 482 3317 ut
514 3281 627 3320 memus
663 3259 845 3341 Grynem,
891 3283 947 3342 quo
993 3265 1070 3324 Deus

185 3359 352 3434 laeteretur,
393 3369 517 3422 caneret.
582 3366 615 3424 ln
648 3362 701 3422 hae
736 3383 881 3446 quoque,¹
907 3373 941 3426 ut
970 3368 999 3426 in
1023 3387 1066 3426 re-

184 3459 268 3544 liquie
307 3461 429 3534 fabulis,
477 3463 684 3545 diligentiorem
724 3466 947 3546 expositionem,
993 3489 1065 3550 quoe
