2444 4020
188 283 253 345 rau
436 265 591 328 bonone
612 260 663 334 ΙΧ,
688 263 824 324 35-36.

189 438 279 521 (xil,
316 433 437 516 6-9),
469 451 526 494 non
555 430 662 492 vidisse
690 447 749 488 non
777 428 900 506 poterat.
960 421 1094 502 Digna
1210 495 1211 522 q

196 539 296 604 Vario
319 548 354 598 et
370 536 487 606 θίιιιια,
509 532 608 613 dignu,
630 549 703 608 qnae
725 547 788 588 oum
808 525 851 584 bio
872 522 989 584 eximiis
1008 544 1091 582 oon·

175 645 342 722 parentur,
364 656 454 716 paene
476 631 710 713 quemadmodum
731 627 805 698 vrri,
830 633 881 686 10.
924 625 1027 702 ltaque
1047 643 1089 684 ex

192 763 243 803 ore
270 739 397 818 Lycidae
424 737 470 814 aui
496 733 634 814 Virgilius
661 730 737 788 inter
757 745 899 808 segreges
920 725 995 784 istos
1014 743 1088 812 pau·

193 842 320 904 οἰειίιιιιιε
342 857 444 898 nomen
468 833 617 916 profitetur
638 851 733 900 auum,
755 828 822 906 qui,
843 845 957 886 auream
981 825 1089 883 Romo-

193 963 249 1002 nae
276 947 399 1020 polioeno
428 943 550 997 aetatem
571 939 605 992 nt
625 935 777 1002 crearent,
806 925 950 996 destinati,
972 925 1089 985 nativae

193 1043 270 1106 viror
289 1048 319 1102 et
334 1041 457 1100 incultas
475 1039 587 1096 Graeca
608 1032 721 1093 ratione
743 1027 932 1089 emendatrioe
952 1025 1089 1086 excolere

196 1144 362 1204 studebantr
395 1138 480 1200 inviri
501 1136 543 1196 illi
563 1133 677 1194 nativae
698 1129 871 1208 simplicitati
893 1145 1006 1198 eornm,
1037 1122 1089 1202 qui

196 1263 298 1306 vernus
329 1260 397 1300 suos
430 1240 529 1298 sedato
556 1253 685 1295 sermone
711 1229 894 1308 quotidianae
918 1226 997 1286 vitae
1024 1226 1089 1284 eine
1208 1283 1209 1289 ¹

197 1344 255 1402 ullo
283 1341 403 1422 negotio
430 1337 600 1404 fundebant,
628 1339 658 1392 et
685 1329 844 1411 corrigenti
865 1327 965 1386 turbae
986 1327 1088 1385 Gram-

199 1442 365 1502 maticorum
394 1445 500 1500 novata
527 1434 669 1514 quaelibet
695 1412 937 1492 reformidantium
957 1427 1014 1496 ΙΙΙ,
1037 1433 1088 1486 90.

163 1527 175 1545 “
197 1543 290 1601 Etiam
313 1547 414 1619 postea
435 1558 516 1616 quam
538 1541 656 1596 aeterne
677 1551 765 1612 opera
785 1529 910 1590 invidiae
925 1526 1087 1596 obstabant,

197 1641 365 1718 indignatur
386 1637 537 1706 Horatius,
565 1633 796 1712 quemadmodum
817 1631 853 1689 de
874 1627 1005 1708 malignis
1025 1627 1087 1684 lau-

199 1737 346 1799 datoribus
366 1737 478 1816 priseae
494 1733 657 1816 jeJ'unitatie
679 1735 791 1810 Epiro.
813 1730 854 1802 ΙΙ,
884 1737 919 1799 1,
946 1733 1002 1789 88ι

265 1884 382 1952 ingeniis
398 1901 452 1938 non
468 1883 513 1936 ille
529 1881 601 1934 favet
616 1880 767 1949 plauditque
784 1875 905 1946 sepultis3

268 1971 366 2023 Nostra
383 1969 429 2042 sed
445 1967 593 2037 impugnat3
617 1981 666 2018 nor
683 1968 825 2030 nostraque
841 1959 935 2014 lividus
951 1957 1020 2013 odit!

200 2107 243 2167 ita
263 2124 324 2166 non
346 2107 438 2166 minuo
459 2074 501 2164 del
516 2099 593 2164 futili
613 2121 702 2181 opera
722 2119 859 2161 novomm
880 2095 1023 2188 spirituum
1044 2094 1088 2154 A.

201 2206 240 2266 P.
263 2213 341 2269 289:

302 2353 361 2406 Neo
377 2351 472 2407 virtute
487 2349 556 2404 soret
572 2347 685 2402 olorinae
701 2345 834 2416 potentins
852 2345 939 2410 armis,
996 2340 1002 2348 ’

305 2438 390 2492 Quam
406 2435 509 2502 lingna,
527 2433 646 2498 Latium,
665 2431 688 2484 ai
704 2447 758 2484 ιιοιι
775 2429 916 2483 offenderet
932 2443 1027 2478 unum-

210 2557 218 2568 ,
305 2519 441 2584 Quemque
457 2518 595 2584 pottarum
611 2517 689 2568 limae
706 2517 779 2567 labor
797 2517 823 2566 et
841 2529 920 2565 mora.

202 2633 298 2706 bina,
327 2633 464 2719 audiatis)
495 2634 643 2694 Germani!
676 2635 744 2694 lima
764 2633 846 2692 nobis
868 2631 1093 2692 commendatur:

203 2755 262 2796 non
294 2753 390 2794 erasae
421 2733 478 2793 ista
507 2733 648 2794 adrodenr
679 2733 779 2814 frigidi
809 2732 999 2804 oorreotoris,
1036 2730 1094 2808 qni,

204 2835 279 2914 qnod
305 2835 447 2894 Pindarus
475 2833 531 2908 ait,
559 2835 636 2894 nullo
659 2853 745 2894 aenon
767 2831 911 2913 ingenito,
940 2830 1096 2890 traditione

204 2942 313 2996 tonnam
340 2954 414 3013 qnae
439 2934 564 3012 aooepit,
604 2953 667 2994 oum
693 2933 797 3011 impetu
822 2921 932 3004 -effutit3
965 2930 1018 2988 aad
1047 2929 1097 2989 illa

107 3055 109 3064 ’
204 3035 336 3094 subtilior
361 3034 508 3096 Minervae
529 3053 567 3093 ex
589 3033 720 3104 officina,
748 3052 804 3110 qua
826 3032 936 3092 divinus
958 3029 1014 3087 iste
1037 3029 1096 3088 llo·

204 3154 314 3206 merua,
342 3153 416 3211 quae
443 3133 559 3212 primum
585 3132 801 3204 informaverat,
829 3130 975 3212 levigabat
1000 3130 1039 3188 od
1066 3129 1097 3188 in

205 3233 300 3292 animo
321 3232 470 3292 insidentia
492 3233 597 3312 rpeeiei
618 3252 750 3292 summam
771 3250 861 3309 usqne
876 3227 1097 3310 perfectionem

205 3332 319 3403 eadem,
342 3350 425 3409 quam
446 3333 563 3396 ovidius
584 3333 696 3411 Epist·
719 3353 767 3395 aa·
788 3332 893 3392 Ponto
915 3331 973 3401 ΙΙΙ,
996 3335 1031 3402 9,
1055 3335 1095 3389 23

205 3427 392 3507 derignabatr
