2462 4028
361 254 518 316 nonnos
539 257 578 329 x,
602 261 737 319 nr-ns.
989 271 1058 334 nm

157 424 344 503 cydoniae,
366 423 402 484 eb
423 425 494 486 urbe
517 425 669 504 Cydonea
690 425 751 488 sive
775 426 940 506 Cydonio,
962 428 1057 508 cupite

155 524 304 603 Cydonum
337 523 414 586 inter
448 526 602 586 cretenses
640 526 819 608 sogittoriou
868 528 946 588 Teis
978 529 1053 590 enim

153 625 304 697 Arcadico,
326 643 399 704 quoe
420 633 519 706 postor
540 627 661 688 debebat
677 627 834 688 Arendions
854 647 969 709 gerere,
992 635 1055 690 tun·

153 733 254 804 topere
274 746 337 786 eum
359 727 549 790 celeberrimis
570 729 798 800 aemulabantur,
820 735 853 789 ut
873 730 948 808 opud
969 730 1054 790 Clon-

153 826 265 886 diaron
288 828 365 901 vlu,
391 837 449 892 161
473 829 569 889 Dione
581 831 775 890 Maenalios
793 847 895 890 arcus
918 837 948 890 et
966 827 1052 908 pba-

152 939 266 988 retras
294 929 385 988 emico
406 949 459 990 sno
482 931 558 990 dono
579 929 665 991 feret.
707 931 900 1009 Xenophonte
921 938 1051 1004 nurture,

151 1027 276 1102 Persae,
316 1037 450 1109 ponentes
484 1037 553 1090 tune
591 1029 836 1092 reformidntorum
871 1029 1051 1104 Parthorum,

153 1148 238 1190 orcus
264 1131 406 1192 habehant
433 1151 621 1211 permagnum
647 1138 746 1205 oront,
775 1129 824 1209 qui
853 1150 944 1209 poene
966 1131 1050 1192 trium

151 1231 320 1304 eunitarum,
342 1239 372 1292 et
393 1233 517 1314 sngittns
538 1233 615 1292 nitro
636 1233 707 1290 dnos
729 1230 840 1290 cubitos
861 1231 1050 1312 longitudine.

151 1331 217 1390 Cur'
238 1333 351 1392 tundern
379 1334 434 1394 hoo
458 1353 517 1394 nnn
543 1333 573 1392 in
596 1331 809 1412 comparatione
830 1331 969 1413 Virgilius
991 1354 1050 1396 non

152 1431 314 1511 acquievitt
334 1433 445 1494 Plinius
464 1435 543 1506 XVI,
566 1439 618 1508 65,
639 1435 767 1496 honnus
788 1433 913 1516 sngittns
934 1435 1049 1494 ornndi·

148 1551 230 1605 nens,
252 1533 302 1608 sit,
324 1535 426 1613 quihus
445 1535 606 1596 orientales
628 1535 717 1594 soiern
737 1535 766 1594 in
789 1536 1048 1616 pugneobumbrn·

147 1630 227 1706 bont,
249 1634 285 1693 ob
306 1635 450 1698 leviorem
471 1656 561 1709 suom,
583 1636 682 1696 diebus
696 1642 806 1696 mutum
817 1637 937 1710 serenis,
959 1645 1046 1700 vento

147 1733 226 1792 nulio
247 1737 379 1814 nulleque
400 1737 512 1815 pluvio,
535 1738 662 1798 adhiberi
683 1738 828 1816 potuisse3
850 1745 1046 1816 tempestatem

146 1834 192 1896 vei
215 1834 340 1894 indutias
361 1835 475 1896 senisse.
519 1838 651 1914 columns
672 1844 766 1898 nutem
789 1838 909 1898 monime
931 1839 968 1898 nd
989 1859 1045 1898 ra·

145 1939 258 2012 gitta-s
279 1934 399 1994 idoneus
421 1941 492 2008 eret,
514 1944 712 2016 praeterquam
729 1937 831 2010 Rheni,
853 1938 1044 1998 Bononiensis

146 2035 246 2108 omnis,
271 2037 432 2110 Creticus,
454 2037 511 2116 qui,
533 2038 634 2116 plenus
655 2038 793 2096 medullae
815 2043 845 2098 et
855 2039 1042 2116 ponderosus,

145 2143 247 2196 contre
268 2145 381 2198 ventum
404 2157 515 2218 quoqne
537 2137 699 2210 ferehotur,
721 2138 894 2217 insuperque
915 2138 1042 2198 interno-

145 2237 193 2296 dio
219 2239 366 2300 omittebat
397 2240 580 2321 longissime,
614 2239 740 2319 igneque
767 2237 919 2312 flexibiiin3
953 2259 1042 2318 qnare

145 2339 369 2418 Theophrastus·
391 2341 445 2412 lv,
473 2349 513 2402 12
550 2340 687 2400 eninmunr
721 2339 902 2422 sagittarium
937 2340 1041 2400 eximie

146 2439 312 2500 Creticam
333 2441 466 2520 appellet.
509 2441 601 2502 Arous
627 2440 718 2521 igitur
739 2440 897 2500 nominibus
919 2441 1040 2520 plurium

142 2542 311 2619 populorum
332 2542 469 2604 honorari
490 2548 618 2623 poteret3
638 2541 765 2624 sagittae
786 2542 821 2602 ub
842 2543 907 2602 loco
929 2549 1038 2602 tentum

143 2643 277 2717 Cretic03
300 2645 530 2722 quemadmodum
551 2645 625 2704 Aen.
647 2644 699 2716 Xi,
721 2651 799 2706 772:

251 2783 254 2790 ·
277 2762 346 2824 Ipse,
363 2763 496 2827 pereprioo
508 2761 634 2826 samaqisse
649 2760 735 2810 rioms
751 2765 776 2810 et
792 2764 871 2820 ostro,

279 2845 384 2908 Spionia
401 2843 531 2911 torquebat
548 2845 626 2908 moin
646 2842 769 2906 dononio
786 2855 871 2891 eonio.

143 2957 318 3030 spinulum
350 2961 445 3038 cuspis
478 2960 636 3038 appelletur
668 2963 699 3017 et
726 2957 817 3037 jeeuii
844 2962 874 3016 et
900 2955 1035 3036 sagittae.

140 3057 218 3116 Ante
239 3071 407 3139 tamquam
423 3061 524 3119 Gallus
545 3059 695 3137 pouiisper'
708 3077 741 3117 se
762 3057 894 3128 sustinet,
915 3065 945 3115 et
968 3065 1035 3128 turm,

142 3175 281 3217 converso
303 3163 444 3231 sermone,
466 3161 643 3230 condemnet,
665 3177 738 3237 quse
760 3159 842 3216 modo
853 3159 1033 3237 placuerant:

140 3257 288 3318 Perinde
315 3279 356 3320 ae
384 3257 415 3321 si
441 3257 564 3319 hoo-
587 3293 628 3306 -·
650 3265 718 3320 sit!
750 3279 818 3337 pro,
847 3277 942 3320 verum
965 3259 1035 3317 hoen

140 3379 198 3418 non
221 3363 296 3422 su‘nt.
340 3363 386 3420 ite
406 3361 541 3422 Horatius
563 3361 589 3418 ΙΙ
611 3362 663 3439 Ep.
687 3367 716 3431 2,
740 3367 817 3422 1712
853 3359 1035 3438 Tamquam

141 3465 188 3520 stt
204 3467 380 3538 proprium
402 3465 606 3544 persequare!
626 3461 744 3541 perinde
764 3478 800 3521 eo
820 3459 846 3521 si
862 3459 907 3604 ppt
927 3446 1033 3538 niiqnid

884 3568 901 3605 n
