<?xml version="1.0" encoding="UTF-8"?>
<!DOCTYPE html PUBLIC "-//W3C//DTD XHTML 1.0 Transitional//EN"
    "http://www.w3.org/TR/xhtml1/DTD/xhtml1-transitional.dtd">
<html xmlns="http://www.w3.org/1999/xhtml" xml:lang="en" lang="en">
 <head>
  <title>
</title>
<meta http-equiv="Content-Type" content="text/html;charset=utf-8" />
  <meta name='ocr-system' content='tesseract 3.04.00' />
  <meta name='ocr-capabilities' content='ocr_page ocr_carea ocr_par ocr_line ocrx_word'/>
</head>
<body>
  <div class='ocr_page' id='page_1' title='image "./commentariivirg00vossgoog_0341.png"; bbox 0 0 2380 4028; ppageno 0'>
   <div class='ocr_carea' id='block_1_1' title="bbox 127 227 936 360">
    <p class='ocr_par' dir='ltr' id='par_1_1' title="bbox 127 227 936 360">
     <span class='ocr_line' id='line_1_1' title="bbox 127 227 936 360; baseline -0.011 -32"><span class='ocrx_word' id='word_1_1' title='bbox 127 227 217 338; x_wconf 58' lang='lat' dir='ltr'><strong>&#39;ao</strong></span> <span class='ocrx_word' id='word_1_2' title='bbox 350 347 354 354; x_wconf 18' lang='lat'>¹</span> <span class='ocrx_word' id='word_1_3' title='bbox 420 259 575 320; x_wconf 77' lang='lat' dir='ltr'><strong>ucuoot</strong></span> <span class='ocrx_word' id='word_1_4' title='bbox 595 258 662 332; x_wconf 86' lang='lat' dir='ltr'><strong>vu,</strong></span> <span class='ocrx_word' id='word_1_5' title='bbox 685 263 821 322; x_wconf 78' lang='lat' dir='ltr'><strong>ra-sa.</strong></span> <span class='ocrx_word' id='word_1_6' title='bbox 928 353 936 360; x_wconf 87' lang='lat'>.</span> 
     </span>
    </p>
   </div>
   <div class='ocr_carea' id='block_1_2' title="bbox 49 423 1071 996">
    <p class='ocr_par' dir='ltr' id='par_1_2' title="bbox 145 423 1071 914">
     <span class='ocr_line' id='line_1_2' title="bbox 173 423 1071 502; baseline -0.009 -8"><span class='ocrx_word' id='word_1_7' title='bbox 173 431 308 502; x_wconf 82' lang='lat' dir='ltr'><strong>vidimus,</strong></span> <span class='ocrx_word' id='word_1_8' title='bbox 347 429 421 490; x_wconf 85' lang='lat' dir='ltr'><strong>banc</strong></span> <span class='ocrx_word' id='word_1_9' title='bbox 456 428 567 489; x_wconf 88' lang='lat' dir='ltr'><strong>illamve</strong></span> <span class='ocrx_word' id='word_1_10' title='bbox 602 445 697 486; x_wconf 86' lang='lat' dir='ltr'><strong>rerum</strong></span> <span class='ocrx_word' id='word_1_11' title='bbox 730 444 845 486; x_wconf 85' lang='lat' dir='ltr'><strong>suarum</strong></span> <span class='ocrx_word' id='word_1_12' title='bbox 878 423 1071 486; x_wconf 81' lang='lat' dir='ltr'><strong>conditionem</strong></span> 
     </span>
     <span class='ocr_line' id='line_1_3' title="bbox 145 525 1071 602; baseline -0.009 -8"><span class='ocrx_word' id='word_1_13' title='bbox 145 571 148 580; x_wconf 51' lang='grc' dir='ltr'><strong><em>ι</em></strong></span> <span class='ocrx_word' id='word_1_14' title='bbox 174 531 379 602; x_wconf 70' lang='lat' dir='ltr'><strong>mentiuntur,</strong></span> <span class='ocrx_word' id='word_1_15' title='bbox 412 529 454 588; x_wconf 89' lang='lat' dir='ltr'><strong>ita</strong></span> <span class='ocrx_word' id='word_1_16' title='bbox 479 527 595 590; x_wconf 82' lang='lat' dir='ltr'><strong>fastidio</strong></span> <span class='ocrx_word' id='word_1_17' title='bbox 623 533 807 588; x_wconf 83' lang='lat' dir='ltr'><strong>occurrentes</strong></span> <span class='ocrx_word' id='word_1_18' title='bbox 835 525 919 586; x_wconf 85' lang='lat' dir='ltr'><strong>istius</strong></span> <span class='ocrx_word' id='word_1_19' title='bbox 942 525 1071 586; x_wconf 84' lang='lat' dir='ltr'><strong>similitu-</strong></span> 
     </span>
     <span class='ocr_line' id='line_1_4' title="bbox 177 627 1067 710; baseline -0.004 -18"><span class='ocrx_word' id='word_1_20' title='bbox 177 633 269 706; x_wconf 85' lang='lat' dir='ltr'><strong>dinis,</strong></span> <span class='ocrx_word' id='word_1_21' title='bbox 308 651 382 710; x_wconf 86' lang='lat' dir='ltr'><strong>quae</strong></span> <span class='ocrx_word' id='word_1_22' title='bbox 413 650 490 690; x_wconf 86' lang='lat' dir='ltr'><strong>nuuc</strong></span> <span class='ocrx_word' id='word_1_23' title='bbox 523 628 632 690; x_wconf 71' lang='lat' dir='ltr'><strong>moabia</strong></span> <span class='ocrx_word' id='word_1_24' title='bbox 658 627 817 689; x_wconf 83' lang='lat' dir='ltr'><strong>bominibus</strong></span> <span class='ocrx_word' id='word_1_25' title='bbox 846 627 956 706; x_wconf 85' lang='lat' dir='ltr'><strong>placet,</strong></span> <span class='ocrx_word' id='word_1_26' title='bbox 986 647 1067 706; x_wconf 78' lang='lat' dir='ltr'><strong>quun</strong></span> 
     </span>
     <span class='ocr_line' id='line_1_5' title="bbox 177 727 1069 809; baseline -0.002 -17"><span class='ocrx_word' id='word_1_27' title='bbox 177 753 244 792; x_wconf 84' lang='lat' dir='ltr'><strong>suas</strong></span> <span class='ocrx_word' id='word_1_28' title='bbox 274 739 381 792; x_wconf 84' lang='lat' dir='ltr'><strong>tautum</strong></span> <span class='ocrx_word' id='word_1_29' title='bbox 408 751 456 792; x_wconf 85' lang='lat' dir='ltr'><strong>res</strong></span> <span class='ocrx_word' id='word_1_30' title='bbox 484 750 589 809; x_wconf 85' lang='lat' dir='ltr'><strong>easque</strong></span> <span class='ocrx_word' id='word_1_31' title='bbox 610 736 777 809; x_wconf 84' lang='lat' dir='ltr'><strong>praesentes</strong></span> <span class='ocrx_word' id='word_1_32' title='bbox 799 727 907 790; x_wconf 83' lang='lat' dir='ltr'><strong>dicunt.</strong></span> <span class='ocrx_word' id='word_1_33' title='bbox 951 729 996 788; x_wconf 79' lang='lat' dir='ltr'><strong>Ab</strong></span> <span class='ocrx_word' id='word_1_34' title='bbox 1015 729 1069 790; x_wconf 84' lang='lat' dir='ltr'><strong>bac</strong></span> 
     </span>
     <span class='ocr_line' id='line_1_6' title="bbox 178 830 1070 914; baseline -0.002 -20"><span class='ocrx_word' id='word_1_35' title='bbox 178 839 303 914; x_wconf 74' lang='lat' dir='ltr'><strong>angusta</strong></span> <span class='ocrx_word' id='word_1_36' title='bbox 334 833 451 892; x_wconf 86' lang='lat' dir='ltr'><strong>limitum</strong></span> <span class='ocrx_word' id='word_1_37' title='bbox 483 831 744 911; x_wconf 69' lang='lat' dir='ltr'><strong>circumscriptione</strong></span> <span class='ocrx_word' id='word_1_38' title='bbox 772 831 883 910; x_wconf 72' lang='lat' dir='ltr'><strong>priscm</strong></span> <span class='ocrx_word' id='word_1_39' title='bbox 909 830 1070 892; x_wconf 78' lang='lat' dir='ltr'><strong>Simonides</strong></span> 
     </span>
    </p>

    <p class='ocr_par' dir='ltr' id='par_1_3' title="bbox 49 935 423 996">
     <span class='ocr_line' id='line_1_7' title="bbox 49 935 423 996; baseline -0.003 -2"><span class='ocrx_word' id='word_1_40' title='bbox 49 941 52 948; x_wconf 87' lang='lat'>&#39;</span> <span class='ocrx_word' id='word_1_41' title='bbox 118 975 119 980; x_wconf 21' lang='grc' dir='ltr'><strong>κ</strong></span> <span class='ocrx_word' id='word_1_42' title='bbox 178 935 344 996; x_wconf 73' lang='lat' dir='ltr'><strong>dehortatus</strong></span> <span class='ocrx_word' id='word_1_43' title='bbox 364 940 423 996; x_wconf 74' lang='lat' dir='ltr'><strong>este</strong></span> 
     </span>
    </p>
   </div>
   <div class='ocr_carea' id='block_1_3' title="bbox 329 1062 793 1386">
    <p class='ocr_par' dir='ltr' id='par_1_4' title="bbox 329 1062 704 1218">
     <span class='ocr_line' id='line_1_8' title="bbox 329 1062 704 1120; baseline -0.011 0"><span class='ocrx_word' id='word_1_44' title='bbox 329 1065 391 1120; x_wconf 82' lang='lat' dir='ltr'><strong>Nou</strong></span> <span class='ocrx_word' id='word_1_45' title='bbox 407 1069 479 1119; x_wconf 82' lang='lat' dir='ltr'><strong>arcta</strong></span> <span class='ocrx_word' id='word_1_46' title='bbox 494 1065 572 1118; x_wconf 82' lang='lat' dir='ltr'><strong>Musa</strong></span> <span class='ocrx_word' id='word_1_47' title='bbox 587 1062 704 1118; x_wconf 83' lang='lat' dir='ltr'><strong>terminia</strong></span> 
     </span>
     <span class='ocr_line' id='line_1_9' title="bbox 330 1148 703 1218; baseline -0.008 -14"><span class='ocrx_word' id='word_1_48' title='bbox 330 1151 409 1208; x_wconf 81' lang='lat' dir='ltr'><strong>Libat</strong></span> <span class='ocrx_word' id='word_1_49' title='bbox 424 1156 524 1206; x_wconf 84' lang='lat' dir='ltr'><strong>tanturn</strong></span> <span class='ocrx_word' id='word_1_50' title='bbox 541 1148 703 1218; x_wconf 79' lang='lat' dir='ltr'><strong>praeseutia3</strong></span> 
     </span>
    </p>

    <p class='ocr_par' dir='ltr' id='par_1_5' title="bbox 331 1232 793 1386">
     <span class='ocr_line' id='line_1_10' title="bbox 331 1232 793 1290; baseline -0.006 -2"><span class='ocrx_word' id='word_1_51' title='bbox 331 1235 384 1288; x_wconf 87' lang='lat' dir='ltr'><strong>Sed</strong></span> <span class='ocrx_word' id='word_1_52' title='bbox 402 1241 495 1290; x_wconf 86' lang='lat' dir='ltr'><strong>cuncta</strong></span> <span class='ocrx_word' id='word_1_53' title='bbox 511 1234 607 1290; x_wconf 81' lang='lat' dir='ltr'><strong>circum</strong></span> <span class='ocrx_word' id='word_1_54' title='bbox 624 1232 793 1286; x_wconf 82' lang='lat' dir='ltr'><strong>obambulans</strong></span> 
     </span>
     <span class='ocr_line' id='line_1_11' title="bbox 331 1318 534 1386; baseline -0.005 -15"><span class='ocrx_word' id='word_1_55' title='bbox 331 1320 444 1374; x_wconf 84' lang='lat' dir='ltr'><strong>Fructus</strong></span> <span class='ocrx_word' id='word_1_56' title='bbox 461 1318 534 1386; x_wconf 85' lang='lat' dir='ltr'><strong>legit.</strong></span> 
     </span>
    </p>
   </div>
   <div class='ocr_carea' id='block_1_4' title="bbox 55 1433 1187 3523">
    <p class='ocr_par' dir='ltr' id='par_1_6' title="bbox 55 1433 1189 3523">
     <span class='ocr_line' id='line_1_12' title="bbox 182 1433 1067 1510; baseline -0.007 -10"><span class='ocrx_word' id='word_1_57' title='bbox 182 1441 320 1500; x_wconf 82' lang='lat' dir='ltr'><strong>Poetores</strong></span> <span class='ocrx_word' id='word_1_58' title='bbox 347 1438 497 1498; x_wconf 79' lang='lat' dir='ltr'><strong>Theocriti</strong></span> <span class='ocrx_word' id='word_1_59' title='bbox 521 1439 567 1510; x_wconf 84' lang='lat' dir='ltr'><strong>vt,</strong></span> <span class='ocrx_word' id='word_1_60' title='bbox 602 1447 622 1500; x_wconf 84' lang='grc'><strong>6</strong></span> <span class='ocrx_word' id='word_1_61' title='bbox 649 1443 680 1498; x_wconf 92' lang='lat' dir='ltr'><strong>et</strong></span> <span class='ocrx_word' id='word_1_62' title='bbox 707 1444 746 1501; x_wconf 76' lang='lat' dir='ltr'><strong>tt</strong></span> <span class='ocrx_word' id='word_1_63' title='bbox 776 1442 884 1500; x_wconf 84' lang='lat' dir='ltr'><strong>caecat</strong></span> <span class='ocrx_word' id='word_1_64' title='bbox 904 1435 1011 1498; x_wconf 83' lang='lat' dir='ltr'><strong>alterni</strong></span> <span class='ocrx_word' id='word_1_65' title='bbox 1029 1433 1067 1494; x_wconf 83' lang='lat' dir='ltr'><strong>al-</strong></span> 
     </span>
     <span class='ocr_line' id='line_1_13' title="bbox 181 1537 1068 1618; baseline -0.005 -18"><span class='ocrx_word' id='word_1_66' title='bbox 181 1540 304 1618; x_wconf 83' lang='lat' dir='ltr'><strong>loquium</strong></span> <span class='ocrx_word' id='word_1_67' title='bbox 326 1540 363 1599; x_wconf 90' lang='lat' dir='ltr'><strong>ad</strong></span> <span class='ocrx_word' id='word_1_68' title='bbox 384 1539 584 1616; x_wconf 69' lang='lat' dir='ltr'><strong>Polyphemum</strong></span> <span class='ocrx_word' id='word_1_69' title='bbox 606 1539 729 1598; x_wconf 83' lang='lat' dir='ltr'><strong>irrideus</strong></span> <span class='ocrx_word' id='word_1_70' title='bbox 750 1537 868 1617; x_wconf 81' lang='lat' dir='ltr'><strong>ejusque</strong></span> <span class='ocrx_word' id='word_1_71' title='bbox 888 1555 1068 1617; x_wconf 63' lang='lat' dir='ltr'><strong>responsum</strong></span> 
     </span>
     <span class='ocr_line' id='line_1_14' title="bbox 55 1639 1070 1720; baseline 0.001 -21"><span class='ocrx_word' id='word_1_72' title='bbox 55 1705 59 1714; x_wconf 25' lang='lat'><em>¹</em></span> <span class='ocrx_word' id='word_1_73' title='bbox 181 1641 230 1700; x_wconf 87' lang='lat' dir='ltr'><strong>alii</strong></span> <span class='ocrx_word' id='word_1_74' title='bbox 256 1640 286 1700; x_wconf 85' lang='lat' dir='ltr'><strong>in</strong></span> <span class='ocrx_word' id='word_1_75' title='bbox 313 1639 439 1698; x_wconf 83' lang='lat' dir='ltr'><strong>secunda</strong></span> <span class='ocrx_word' id='word_1_76' title='bbox 466 1646 496 1699; x_wconf 88' lang='lat' dir='ltr'><strong>et</strong></span> <span class='ocrx_word' id='word_1_77' title='bbox 522 1639 608 1698; x_wconf 85' lang='lat' dir='ltr'><strong>tertia</strong></span> <span class='ocrx_word' id='word_1_78' title='bbox 634 1640 737 1720; x_wconf 74' lang='lat' dir='ltr'><strong>ecloga</strong></span> <span class='ocrx_word' id='word_1_79' title='bbox 762 1639 885 1718; x_wconf 86' lang='lat' dir='ltr'><strong>puellam</strong></span> <span class='ocrx_word' id='word_1_80' title='bbox 904 1657 1070 1718; x_wconf 75' lang='lat' dir='ltr'><strong>repracsen-</strong></span> 
     </span>
     <span class='ocr_line' id='line_1_15' title="bbox 182 1737 1070 1819; baseline -0.001 -19"><span class='ocrx_word' id='word_1_81' title='bbox 182 1745 245 1800; x_wconf 86' lang='lat' dir='ltr'><strong>taat</strong></span> <span class='ocrx_word' id='word_1_82' title='bbox 275 1737 445 1812; x_wconf 80' lang='lat' dir='ltr'><strong>veneficam,</strong></span> <span class='ocrx_word' id='word_1_83' title='bbox 483 1747 513 1798; x_wconf 86' lang='lat' dir='ltr'><strong>et</strong></span> <span class='ocrx_word' id='word_1_84' title='bbox 546 1746 716 1812; x_wconf 75' lang='lat' dir='ltr'><strong>amatorem,</strong></span> <span class='ocrx_word' id='word_1_85' title='bbox 755 1739 803 1819; x_wconf 88' lang='lat' dir='ltr'><strong>qui</strong></span> <span class='ocrx_word' id='word_1_86' title='bbox 829 1740 1011 1800; x_wconf 81' lang='lat' dir='ltr'><strong>comissatum</strong></span> <span class='ocrx_word' id='word_1_87' title='bbox 1037 1739 1070 1798; x_wconf 86' lang='lat' dir='ltr'><strong>it.</strong></span> 
     </span>
     <span class='ocr_line' id='line_1_16' title="bbox 182 1839 1072 1920; baseline 0 -18"><span class='ocrx_word' id='word_1_88' title='bbox 182 1841 305 1912; x_wconf 79' lang='lat' dir='ltr'><strong>Delia,</strong></span> <span class='ocrx_word' id='word_1_89' title='bbox 332 1839 439 1912; x_wconf 74' lang='lat' dir='ltr'><strong>limae,</strong></span> <span class='ocrx_word' id='word_1_90' title='bbox 468 1859 549 1920; x_wconf 83' lang='lat' dir='ltr'><strong>quam</strong></span> <span class='ocrx_word' id='word_1_91' title='bbox 577 1841 752 1905; x_wconf 72' lang='lat' dir='ltr'><strong>recentiores</strong></span> <span class='ocrx_word' id='word_1_92' title='bbox 780 1841 845 1902; x_wconf 81' lang='lat' dir='ltr'><strong>licii</strong></span> <span class='ocrx_word' id='word_1_93' title='bbox 871 1840 1072 1902; x_wconf 70' lang='lat' dir='ltr'><strong>fabulabantur</strong></span> 
     </span>
     <span class='ocr_line' id='line_1_17' title="bbox 72 1941 1071 2022; baseline -0.002 -20"><span class='ocrx_word' id='word_1_94' title='bbox 72 1948 80 1962; x_wconf 90' lang='lat'><strong><em>‘</em></strong></span> <span class='ocrx_word' id='word_1_95' title='bbox 182 1961 240 2002; x_wconf 89' lang='lat' dir='ltr'><strong>uua</strong></span> <span class='ocrx_word' id='word_1_96' title='bbox 272 1959 334 2002; x_wconf 89' lang='lat' dir='ltr'><strong>cum</strong></span> <span class='ocrx_word' id='word_1_97' title='bbox 365 1941 497 2021; x_wconf 77' lang='lat' dir='ltr'><strong>Apolline</strong></span> <span class='ocrx_word' id='word_1_98' title='bbox 530 1948 623 2005; x_wconf 86' lang='lat' dir='ltr'><strong>uatem</strong></span> <span class='ocrx_word' id='word_1_99' title='bbox 649 1961 728 2014; x_wconf 67' lang='lat' dir='ltr'><strong>esset</strong></span> <span class='ocrx_word' id='word_1_100' title='bbox 764 1941 914 2022; x_wconf 76' lang='lat' dir='ltr'><strong>Ortygiam</strong></span> <span class='ocrx_word' id='word_1_101' title='bbox 942 1941 1071 2013; x_wconf 76' lang='lat' dir='ltr'><strong>insulan,</strong></span> 
     </span>
     <span class='ocr_line' id='line_1_18' title="bbox 183 2041 1073 2122; baseline 0.002 -20"><span class='ocrx_word' id='word_1_102' title='bbox 183 2062 257 2122; x_wconf 87' lang='lat' dir='ltr'><strong>quae</strong></span> <span class='ocrx_word' id='word_1_103' title='bbox 288 2049 389 2105; x_wconf 84' lang='lat' dir='ltr'><strong>contra</strong></span> <span class='ocrx_word' id='word_1_104' title='bbox 415 2044 575 2122; x_wconf 83' lang='lat' dir='ltr'><strong>Syracusas</strong></span> <span class='ocrx_word' id='word_1_105' title='bbox 602 2041 777 2120; x_wconf 75' lang='lat' dir='ltr'><strong>posteriores</strong></span> <span class='ocrx_word' id='word_1_106' title='bbox 804 2042 861 2114; x_wconf 81' lang='lat' dir='ltr'><strong>sita</strong></span> <span class='ocrx_word' id='word_1_107' title='bbox 887 2049 966 2114; x_wconf 86' lang='lat' dir='ltr'><strong>erat,</strong></span> <span class='ocrx_word' id='word_1_108' title='bbox 998 2042 1073 2104; x_wconf 87' lang='lat' dir='ltr'><strong>auti-</strong></span> 
     </span>
     <span class='ocr_line' id='line_1_19' title="bbox 183 2143 1073 2225; baseline 0.002 -21"><span class='ocrx_word' id='word_1_109' title='bbox 183 2144 299 2222; x_wconf 81' lang='lat' dir='ltr'><strong>quiores</strong></span> <span class='ocrx_word' id='word_1_110' title='bbox 331 2144 358 2204; x_wconf 91' lang='lat' dir='ltr'><strong>ei</strong></span> <span class='ocrx_word' id='word_1_111' title='bbox 390 2150 529 2222; x_wconf 85' lang='lat' dir='ltr'><strong>tamquam</strong></span> <span class='ocrx_word' id='word_1_112' title='bbox 563 2143 682 2220; x_wconf 81' lang='lat' dir='ltr'><strong>putrium</strong></span> <span class='ocrx_word' id='word_1_113' title='bbox 714 2143 811 2204; x_wconf 84' lang='lat' dir='ltr'><strong>sedem</strong></span> <span class='ocrx_word' id='word_1_114' title='bbox 842 2144 1073 2225; x_wconf 76' lang='lat' dir='ltr'><strong>assignaverant-</strong></span> 
     </span>
     <span class='ocr_line' id='line_1_20' title="bbox 184 2243 1072 2323; baseline 0.003 -20"><span class='ocrx_word' id='word_1_115' title='bbox 184 2245 296 2306; x_wconf 86' lang='lat' dir='ltr'><strong>Dianae</strong></span> <span class='ocrx_word' id='word_1_116' title='bbox 335 2250 488 2307; x_wconf 76' lang='lat' dir='ltr'><strong>venatores</strong></span> <span class='ocrx_word' id='word_1_117' title='bbox 520 2244 644 2322; x_wconf 85' lang='lat' dir='ltr'><strong>praedae</strong></span> <span class='ocrx_word' id='word_1_118' title='bbox 675 2263 746 2305; x_wconf 82' lang='lat' dir='ltr'><strong>auae</strong></span> <span class='ocrx_word' id='word_1_119' title='bbox 777 2243 930 2323; x_wconf 84' lang='lat' dir='ltr'><strong>primitias,</strong></span> <span class='ocrx_word' id='word_1_120' title='bbox 961 2256 1072 2321; x_wconf 74' lang='lat' dir='ltr'><strong>capet,</strong></span> 
     </span>
     <span class='ocr_line' id='line_1_21' title="bbox 184 2345 1074 2426; baseline 0.004 -22"><span class='ocrx_word' id='word_1_121' title='bbox 184 2347 285 2424; x_wconf 89' lang='lat' dir='ltr'><strong>pedes,</strong></span> <span class='ocrx_word' id='word_1_122' title='bbox 307 2364 444 2418; x_wconf 77' lang='lat' dir='ltr'><strong>comeo,</strong></span> <span class='ocrx_word' id='word_1_123' title='bbox 465 2345 554 2408; x_wconf 86' lang='lat' dir='ltr'><strong>silvae</strong></span> <span class='ocrx_word' id='word_1_124' title='bbox 575 2346 612 2405; x_wconf 87' lang='lat' dir='ltr'><strong>ad</strong></span> <span class='ocrx_word' id='word_1_125' title='bbox 633 2346 762 2406; x_wconf 87' lang='lat' dir='ltr'><strong>arborem</strong></span> <span class='ocrx_word' id='word_1_126' title='bbox 784 2345 912 2426; x_wconf 65' lang='lat' dir='ltr'><strong>defigere</strong></span> <span class='ocrx_word' id='word_1_127' title='bbox 931 2347 1074 2408; x_wconf 80' lang='lat' dir='ltr'><strong>solebant.</strong></span> 
     </span>
     <span class='ocr_line' id='line_1_22' title="bbox 183 2444 1074 2526; baseline 0.004 -22"><span class='ocrx_word' id='word_1_128' title='bbox 183 2444 348 2504; x_wconf 83' lang='lat' dir='ltr'><strong>Hofoieosis</strong></span> <span class='ocrx_word' id='word_1_129' title='bbox 370 2445 405 2506; x_wconf 86' lang='lat' dir='ltr'><em>B</em></span> <span class='ocrx_word' id='word_1_130' title='bbox 425 2451 523 2520; x_wconf 77' lang='lat' dir='ltr'><strong>capra·</strong></span> <span class='ocrx_word' id='word_1_131' title='bbox 545 2466 596 2524; x_wconf 86' lang='lat' dir='ltr'><strong>pro</strong></span> <span class='ocrx_word' id='word_1_132' title='bbox 617 2452 696 2524; x_wconf 77' lang='lat' dir='ltr'><strong>apri</strong></span> <span class='ocrx_word' id='word_1_133' title='bbox 718 2447 847 2520; x_wconf 82' lang='lat' dir='ltr'><strong>exbibet,</strong></span> <span class='ocrx_word' id='word_1_134' title='bbox 880 2448 955 2526; x_wconf 87' lang='lat' dir='ltr'><strong>quod</strong></span> <span class='ocrx_word' id='word_1_135' title='bbox 977 2468 1074 2508; x_wconf 73' lang='lat' dir='ltr'><strong>exem</strong></span> 
     </span>
     <span class='ocr_line' id='line_1_23' title="bbox 183 2543 1136 2626; baseline 0.012 -26"><span class='ocrx_word' id='word_1_136' title='bbox 183 2544 258 2622; x_wconf 86' lang='lat' dir='ltr'><strong>plum</strong></span> <span class='ocrx_word' id='word_1_137' title='bbox 279 2543 419 2614; x_wconf 83' lang='lat' dir='ltr'><strong>lectionis,</strong></span> <span class='ocrx_word' id='word_1_138' title='bbox 439 2564 460 2604; x_wconf 89' lang='lat' dir='ltr'><strong>a</strong></span> <span class='ocrx_word' id='word_1_139' title='bbox 475 2545 577 2605; x_wconf 85' lang='lat' dir='ltr'><strong>Servio</strong></span> <span class='ocrx_word' id='word_1_140' title='bbox 598 2565 710 2626; x_wconf 87' lang='lat' dir='ltr'><strong>quoque</strong></span> <span class='ocrx_word' id='word_1_141' title='bbox 731 2556 984 2620; x_wconf 77' lang='lat' dir='ltr'><strong>commemoratum,</strong></span> <span class='ocrx_word' id='word_1_142' title='bbox 1005 2548 1073 2610; x_wconf 82' lang='lat' dir='ltr'><strong>iada</strong></span> <span class='ocrx_word' id='word_1_143' title='bbox 1128 2578 1136 2589; x_wconf 91' lang='lat'><strong>·</strong></span> 
     </span>
     <span class='ocr_line' id='line_1_24' title="bbox 184 2643 1187 2730; baseline 0.007 -28"><span class='ocrx_word' id='word_1_144' title='bbox 184 2649 276 2702; x_wconf 88' lang='lat' dir='ltr'><strong>ortum</strong></span> <span class='ocrx_word' id='word_1_145' title='bbox 299 2649 352 2714; x_wconf 87' lang='lat' dir='ltr'><strong>est,</strong></span> <span class='ocrx_word' id='word_1_146' title='bbox 375 2645 450 2721; x_wconf 89' lang='lat' dir='ltr'><strong>quod</strong></span> <span class='ocrx_word' id='word_1_147' title='bbox 472 2651 568 2718; x_wconf 88' lang='lat' dir='ltr'><strong>erant,</strong></span> <span class='ocrx_word' id='word_1_148' title='bbox 591 2647 639 2725; x_wconf 86' lang='lat' dir='ltr'><strong>qui</strong></span> <span class='ocrx_word' id='word_1_149' title='bbox 659 2643 721 2708; x_wconf 73' lang='lat' dir='ltr'><strong>hoc</strong></span> <span class='ocrx_word' id='word_1_150' title='bbox 741 2650 908 2728; x_wconf 81' lang='lat' dir='ltr'><strong>productum</strong></span> <span class='ocrx_word' id='word_1_151' title='bbox 929 2647 1033 2730; x_wconf 82' lang='lat' dir='ltr'><strong>duplici</strong></span> <span class='ocrx_word' id='word_1_152' title='bbox 1054 2668 1074 2708; x_wconf 83' lang='lat' dir='ltr'><strong>c</strong></span> <span class='ocrx_word' id='word_1_153' title='bbox 1186 2669 1187 2725; x_wconf 59' lang='grc' dir='ltr'>ξ</span> 
     </span>
     <span class='ocr_line' id='line_1_25' title="bbox 182 2743 1074 2812; baseline 0.007 -8"><span class='ocrx_word' id='word_1_154' title='bbox 182 2743 359 2804; x_wconf 83' lang='lat' dir='ltr'><strong>scribendum</strong></span> <span class='ocrx_word' id='word_1_155' title='bbox 392 2763 456 2804; x_wconf 82' lang='lat' dir='ltr'><strong>esso</strong></span> <span class='ocrx_word' id='word_1_156' title='bbox 486 2754 645 2806; x_wconf 84' lang='lat' dir='ltr'><strong>censerent.</strong></span> <span class='ocrx_word' id='word_1_157' title='bbox 701 2748 745 2808; x_wconf 86' lang='lat' dir='ltr'><strong>De</strong></span> <span class='ocrx_word' id='word_1_158' title='bbox 773 2755 952 2812; x_wconf 75' lang='lat' dir='ltr'><strong>vivacitate</strong></span> <span class='ocrx_word' id='word_1_159' title='bbox 981 2755 1074 2812; x_wconf 74' lang='lat' dir='ltr'><strong>cerui</strong></span> 
     </span>
     <span class='ocr_line' id='line_1_26' title="bbox 182 2843 1074 2912; baseline 0.007 -8"><span class='ocrx_word' id='word_1_160' title='bbox 182 2844 325 2906; x_wconf 82' lang='lat' dir='ltr'><strong>Hesiodus</strong></span> <span class='ocrx_word' id='word_1_161' title='bbox 358 2843 500 2908; x_wconf 85' lang='lat' dir='ltr'><strong>fabulatus</strong></span> <span class='ocrx_word' id='word_1_162' title='bbox 534 2855 593 2906; x_wconf 85' lang='lat' dir='ltr'><strong>est:</strong></span> <span class='ocrx_word' id='word_1_163' title='bbox 638 2850 745 2910; x_wconf 84' lang='lat' dir='ltr'><strong>Novem</strong></span> <span class='ocrx_word' id='word_1_164' title='bbox 773 2850 916 2912; x_wconf 85' lang='lat' dir='ltr'><strong>aetatibus</strong></span> <span class='ocrx_word' id='word_1_165' title='bbox 944 2850 1074 2912; x_wconf 84' lang='lat' dir='ltr'><strong>bumauis</strong></span> 
     </span>
     <span class='ocr_line' id='line_1_27' title="bbox 130 2943 1073 3028; baseline 0.006 -21"><span class='ocrx_word' id='word_1_166' title='bbox 130 2943 134 2948; x_wconf 77' lang='grc'><em>’</em></span> <span class='ocrx_word' id='word_1_167' title='bbox 183 2946 324 3008; x_wconf 87' lang='lat' dir='ltr'><strong>cornicem</strong></span> <span class='ocrx_word' id='word_1_168' title='bbox 356 2967 421 3010; x_wconf 83' lang='lat' dir='ltr'><strong>esse</strong></span> <span class='ocrx_word' id='word_1_169' title='bbox 448 2948 643 3027; x_wconf 87' lang='lat' dir='ltr'><strong>superstitem,</strong></span> <span class='ocrx_word' id='word_1_170' title='bbox 675 2958 798 3028; x_wconf 88' lang='lat' dir='ltr'><strong>quatuor</strong></span> <span class='ocrx_word' id='word_1_171' title='bbox 813 2951 980 3022; x_wconf 86' lang='lat' dir='ltr'><strong>cornicibus</strong></span> <span class='ocrx_word' id='word_1_172' title='bbox 1001 2971 1073 3012; x_wconf 83' lang='lat' dir='ltr'><strong>cer·</strong></span> 
     </span>
     <span class='ocr_line' id='line_1_28' title="bbox 180 3047 1072 3131; baseline 0.009 -25"><span class='ocrx_word' id='word_1_173' title='bbox 180 3067 265 3120; x_wconf 70' lang='lat' dir='ltr'><strong>oum,</strong></span> <span class='ocrx_word' id='word_1_174' title='bbox 288 3047 381 3108; x_wconf 85' lang='lat' dir='ltr'><strong>tribuo¹</strong></span> <span class='ocrx_word' id='word_1_175' title='bbox 399 3049 492 3110; x_wconf 85' lang='lat' dir='ltr'><strong>cervis</strong></span> <span class='ocrx_word' id='word_1_176' title='bbox 513 3068 636 3121; x_wconf 88' lang='lat' dir='ltr'><strong>corvum,</strong></span> <span class='ocrx_word' id='word_1_177' title='bbox 659 3069 759 3114; x_wconf 82' lang='lat' dir='ltr'><strong>uocem</strong></span> <span class='ocrx_word' id='word_1_178' title='bbox 780 3053 874 3112; x_wconf 83' lang='lat' dir='ltr'><strong>corvis</strong></span> <span class='ocrx_word' id='word_1_179' title='bbox 895 3052 1072 3131; x_wconf 80' lang='lat' dir='ltr'><strong>phoenicem,</strong></span> 
     </span>
     <span class='ocr_line' id='line_1_29' title="bbox 182 3148 1185 3232; baseline 0.008 -27"><span class='ocrx_word' id='word_1_180' title='bbox 182 3148 278 3208; x_wconf 88' lang='lat' dir='ltr'><strong>decem</strong></span> <span class='ocrx_word' id='word_1_181' title='bbox 305 3148 487 3224; x_wconf 76' lang='lat' dir='ltr'><strong>phoenicibus</strong></span> <span class='ocrx_word' id='word_1_182' title='bbox 514 3148 700 3226; x_wconf 81' lang='lat' dir='ltr'><strong>Nympharum</strong></span> <span class='ocrx_word' id='word_1_183' title='bbox 725 3171 830 3232; x_wconf 75' lang='lat' dir='ltr'><strong>genus.</strong></span> <span class='ocrx_word' id='word_1_184' title='bbox 874 3152 986 3218; x_wconf 74' lang='lat' dir='ltr'><strong>Quodsi</strong></span> <span class='ocrx_word' id='word_1_185' title='bbox 1014 3159 1072 3212; x_wconf 80' lang='lat' dir='ltr'><strong>tara</strong></span> <span class='ocrx_word' id='word_1_186' title='bbox 1184 3153 1185 3158; x_wconf 71' lang='grc'>’</span> 
     </span>
     <span class='ocr_line' id='line_1_30' title="bbox 183 3245 1071 3330; baseline 0.009 -26"><span class='ocrx_word' id='word_1_187' title='bbox 183 3245 273 3308; x_wconf 80' lang='lat' dir='ltr'><strong>bouus</strong></span> <span class='ocrx_word' id='word_1_188' title='bbox 300 3254 418 3306; x_wconf 85' lang='lat' dir='ltr'><strong>eventus</strong></span> <span class='ocrx_word' id='word_1_189' title='bbox 441 3253 604 3326; x_wconf 75' lang='lat' dir='ltr'><strong>propriora</strong></span> <span class='ocrx_word' id='word_1_190' title='bbox 626 3250 653 3310; x_wconf 90' lang='lat' dir='ltr'><strong>ei</strong></span> <span class='ocrx_word' id='word_1_191' title='bbox 674 3249 694 3310; x_wconf 89' lang='lat' dir='ltr'><strong>i.</strong></span> <span class='ocrx_word' id='word_1_192' title='bbox 717 3271 742 3312; x_wconf 88' lang='lat' dir='ltr'><strong>e.</strong></span> <span class='ocrx_word' id='word_1_193' title='bbox 764 3251 952 3330; x_wconf 81' lang='lat' dir='ltr'><strong>sempiternus</strong></span> <span class='ocrx_word' id='word_1_194' title='bbox 974 3271 1071 3312; x_wconf 85' lang='lat' dir='ltr'><strong>comes</strong></span> 
     </span>
     <span class='ocr_line' id='line_1_31' title="bbox 181 3345 1071 3432; baseline 0.006 -28"><span class='ocrx_word' id='word_1_195' title='bbox 181 3345 264 3404; x_wconf 86' lang='lat' dir='ltr'><strong>datos</strong></span> <span class='ocrx_word' id='word_1_196' title='bbox 291 3345 360 3418; x_wconf 83' lang='lat' dir='ltr'><strong>crit3</strong></span> <span class='ocrx_word' id='word_1_197' title='bbox 395 3353 452 3406; x_wconf 87' lang='lat' dir='ltr'><strong>tom</strong></span> <span class='ocrx_word' id='word_1_198' title='bbox 480 3354 511 3406; x_wconf 86' lang='lat' dir='ltr'><strong>tu</strong></span> <span class='ocrx_word' id='word_1_199' title='bbox 540 3360 612 3408; x_wconf 79' lang='lat' dir='ltr'><strong>tota</strong></span> <span class='ocrx_word' id='word_1_200' title='bbox 639 3346 717 3430; x_wconf 79' lang='lat' dir='ltr'><strong>(uam</strong></span> <span class='ocrx_word' id='word_1_201' title='bbox 739 3352 830 3430; x_wconf 83' lang='lat' dir='ltr'><strong>clypei</strong></span> <span class='ocrx_word' id='word_1_202' title='bbox 852 3371 965 3432; x_wconf 86' lang='lat' dir='ltr'><strong>quoque</strong></span> <span class='ocrx_word' id='word_1_203' title='bbox 987 3357 1071 3410; x_wconf 78' lang='lat' dir='ltr'><strong>mant</strong></span> 
     </span>
     <span class='ocr_line' id='line_1_32' title="bbox 178 3442 1184 3523; baseline 0.014 -21"><span class='ocrx_word' id='word_1_204' title='bbox 178 3442 345 3523; x_wconf 69' lang='lat' dir='ltr'><strong>imaginum)</strong></span> <span class='ocrx_word' id='word_1_205' title='bbox 373 3465 390 3504; x_wconf 90' lang='lat' dir='ltr'><strong>e</strong></span> <span class='ocrx_word' id='word_1_206' title='bbox 416 3465 554 3508; x_wconf 85' lang='lat' dir='ltr'><strong>marmore</strong></span> <span class='ocrx_word' id='word_1_207' title='bbox 575 3449 676 3510; x_wconf 76' lang='lat' dir='ltr'><strong>rubro</strong></span> <span class='ocrx_word' id='word_1_208' title='bbox 696 3449 857 3512; x_wconf 70' lang='lat' dir='ltr'><strong>cathamo</strong></span> <span class='ocrx_word' id='word_1_209' title='bbox 879 3455 929 3514; x_wconf 76' lang='lat' dir='ltr'><strong>ad</strong></span> <span class='ocrx_word' id='word_1_210' title='bbox 945 3471 1070 3513; x_wconf 72' lang='lat' dir='ltr'><strong>um-</strong></span> <span class='ocrx_word' id='word_1_211' title='bbox 1183 3443 1184 3454; x_wconf 36' lang='lat'>¹</span> 
     </span>
    </p>
   </div>
   <div class='ocr_carea' id='block_1_5' title="bbox 0 0 1195 4028">
    <p class='ocr_par' dir='ltr' id='par_1_7' title="bbox 0 0 1195 4028">
     <span class='ocr_line' id='line_1_33' title="bbox 0 0 1195 4028; baseline 0 0"><span class='ocrx_word' id='word_1_212' title='bbox 0 0 1195 4028; x_wconf 95' lang='lat' dir='ltr'><strong> </strong></span> 
     </span>
    </p>
   </div>
  </div>
 </body>
</html>
