2444 4020
391 259 545 320 ECLOGA
569 261 628 333 Vll,
651 267 786 324 69-70.
988 271 1034 334 97

142 429 261 490 Cicero
293 417 394 486 valde
427 428 584 505 placebit.
631 428 675 488 De
710 435 831 508 polirent
859 450 946 510 opere
971 452 1033 494 oum

141 529 281 609 Virgilio,
313 535 369 586 tam
391 529 488 586 nubtili
510 536 540 587 et
561 529 740 610 intelligente
762 532 917 611 magistro,
950 553 1032 611 quern

141 633 302 690 acerrima·
315 629 444 703 judicis·
462 629 655 694 Quintilianus
673 631 735 688 Vlll
758 653 787 710 p.
809 639 850 693 76
871 631 960 693 suinae
982 635 1032 707 ait,

119 731 265 803 'aentira,
294 750 350 788 non
379 730 470 788 minna
497 737 592 808 potent
612 732 761 790 audentem
783 731 890 794 sonere.
933 735 1032 796 Theo·

142 832 232 892 oritus
254 830 281 888 in
305 837 407 892 notave
429 831 525 909 idyllin
547 831 588 891 ita
610 839 752 910 certamen
776 834 934 913 componito

246 937 360 1004 Daphnis
378 943 404 990 et
420 937 488 990 inter
505 943 695 1005 erantpastores
712 939 840 992 maximoe
857 939 927 995 inde.

142 1033 226 1111 Apud
248 1032 396 1113 Virgilium
421 1033 584 1116 Corydon,
607 1053 709 1094 nomen
730 1034 830 1114 ipsum,
852 1035 968 1094 honoria
989 1035 1032 1097 in·

143 1141 205 1194 etan
233 1140 292 1193 ont:
327 1135 372 1192 llx
393 1133 442 1192 illo
465 1134 599 1211 Corydon
621 1135 693 1192 tanti
715 1155 733 1194 a
755 1134 836 1194 nobie
856 1136 1031 1212 aentimntnr,

141 1241 175 1294 ut
209 1235 364 1314 Corydon
396 1233 456 1295 aive
485 1239 634 1296 eximiae
660 1235 734 1294 idem
764 1237 887 1298 velenmt.
942 1237 1034 1300 Simili

142 1337 226 1398 modo
242 1337 279 1408 ll,
301 1344 342 1398 73
361 1336 461 1396 Alexio
479 1355 532 1416 pro
542 1337 761 1416 pulelrrnpnaro
772 1336 894 1411 ‹linitur3
915 1344 945 1398 et
955 1339 1031 1418 apud

142 1438 308 1498 Cioeronem
336 1438 392 1499 uiv.
414 1437 495 1496 Xl'll
520 1437 615 1497 Verria
638 1459 738 1500 nomen
761 1459 813 1518 pro
835 1439 944 1500 bellua:
974 1440 1031 1500 lle-

141 1546 228 1618 penta
249 1559 266 1598 e
288 1538 413 1620 vestigio
435 1557 473 1598 ex
494 1539 614 1611 homine,
637 1546 777 1619 tamqnam
799 1540 893 1620 aliquo
911 1541 1031 1602 Cinnano
1076 1546 1078 1556 ’

141 1641 259 1719 poculo,
292 1635 386 1702 tantun
413 1647 458 1700 eat
483 1673 526 1686 ·-
554 1640 672 1700 Verres!
708 1642 812 1702 Coram
834 1641 1031 1712 natitantem

140 1740 178 1800 lia
194 1741 324 1820 judicatu
344 1741 370 1800 oi
391 1741 432 1802 ito
453 1741 611 1800 unineretz
643 1741 707 1802 Ee·
727 1743 791 1804 illo
823 1743 1031 1804 Wielandiua

74 1861 81 1864 ·
139 1842 235 1902 nobie
274 1843 482 1904 Wlelamltur
509 1849 582 1901 ent!
609 1841 674 1918 quin
699 1841 961 1920 interpretationem
983 1844 1032 1902 ho·

140 1940 211 2020 liene
239 1943 326 2002 vellet
352 1948 401 2000 out
428 1941 564 1998 laborati
606 1941 670 1996 Non
696 1942 783 1999 molto
810 1949 878 2002 ante
898 1943 975 2000 illam
995 1944 1032 2003 ‹la

140 2043 282 2102 Cicerone
309 2061 456 2103 eenauran
485 2039 694 2104 Quintilianum
728 2041 826 2106 Quare
853 2061 911 2102 non
937 2042 1031 2104 imne-

139 2143 214 2217 rito,
246 2143 353 2222 inquit,
385 2143 421 2202 ab
448 2139 605 2200 lronioibun
632 2140 737 2200 aetatis
763 2159 835 2202 nuae
855 2161 980 2222 regnare
1001 2143 1031 2200 in

133 2244 253 2325 jndiniin
272 2245 365 2306 ‹lietnn
386 2250 449 2302 enta
486 2241 560 2320 apud
582 2246 714 2320 ponteroa
734 2260 803 2302 varo
825 2241 854 2302 id
876 2261 1034 2321 conaeqnu·
1115 2255 1118 2258 “

139 2352 205 2414 tna,
240 2352 272 2402 ot
299 2345 400 2402 Cicero
423 2343 482 2422 jam
509 2362 566 2400 noo
596 2341 856 2414 numinianum,
892 2343 942 2423 nell
964 2345 1032 2402 elo·

139 2449 299 2524 quentiae
327 2444 473 2504 habeatnr.
516 2442 631 2502 Pierius
656 2443 686 2502 in
717 2445 836 2522 quodam
864 2442 962 2504 eolice
982 2448 1031 2502 ot-

140 2558 228 2606 mum
250 2557 286 2606 et
304 2544 421 2624 reperit,
444 2544 519 2622 qnod
540 2542 705 2604 llafniennin
726 2533 883 2624 qnoqnoA
903 2544 1031 2624 praebet.

447 2827 730 2837 ——n-—a--m
