2412 4028
209 289 254 354 ep
456 279 609 340 seneen
625 279 667 340 u.
711 285 856 341 40-44.

210 452 270 530 ipsc
288 469 344 508 non
363 446 483 506 listulom
502 451 589 525 optet,
611 447 662 506 sed
682 447 796 506 assidue
814 447 850 506 ad
871 444 998 526 opificem
1020 456 1110 508 meet.

210 554 360 611 Μανίου
381 550 489 606 demum
510 547 664 606 Damoetas
686 548 777 606 lendis
799 547 903 606 sociam
924 549 1014 628 digno
1036 550 1109 608 boe·

210 653 332 713 ruditate
360 649 445 708 dedit.
495 649 542 708 Te
568 667 656 707 oenc
684 651 860 708 secundem
886 646 1003 708 babet:
1033 671 1052 707 u
1074 658 1108 708 te

210 759 333 814 tracmta
357 749 477 830 priorem
504 768 696 828 possessorem
724 769 780 806 non
809 749 989 808 desiderabit.
1033 750 1108 808 Exi-

210 856 282 914 miae
293 851 458 930 supellectili
478 869 580 908 sennis
602 849 772 908 tribuuntur.
816 850 847 906 ln
860 846 1008 908 llafniensi
1029 850 1108 908 libro

210 957 263 1027 D,
287 953 335 1032 qui
355 972 373 1010 a
393 972 419 1012 v.
443 950 629 1020 adorditur,
659 946 780 1008 habeat
800 949 915 1030 legitur.
960 950 1108 1011 omoe-

211 1069 264 1116 tas
286 1057 394 1125 dixit,
424 1051 498 1130 quod
525 1050 656 1109 iteratum
679 1058 738 1120 est,
768 1051 877 1128 pondus
905 1050 1017 1128 aliquod
1040 1069 1108 1130 per-

129 1192 133 1200 »
211 1177 298 1216 sonae
328 1152 468 1232 loquentis
504 1151 645 1211 conciliat.
693 1150 857 1230 Amyntas
884 1169 967 1229 quum
999 1153 1108 1211 mue

211 1237 339 1336 speraret
365 1253 540 1313 haereditate
572 1251 693 1310 fistulam
722 1251 864 1330 accipere,
898 1249 1015 1310 ontificis
1044 1271 1108 1310 mo-

211 1356 310 1416 rientis
331 1355 367 1412 ad
389 1355 491 1412 lectum
513 1360 695 1412 convenerat
726 1406 732 1414 .

214 1501 215 1506 ,
295 1459 440 1516 40-44.
484 1443 933 1526 Etinmdonumeapreolorum
942 1452 1107 1527 jocosum

211 1557 326 1614 multtum
348 1553 596 1614 commendationis
621 1553 715 1611 babet.
759 1554 916 1632 Capturoe,
949 1554 1025 1632 qnod
1046 1555 1106 1633 pri-

212 1675 284 1716 mum
305 1661 364 1724 est,
397 1653 604 1724 diffieadtatem,
633 1672 688 1731 qua
707 1672 815 1714 venam
837 1654 987 1731 Corydon,
1020 1673 1106 1732 quom

212 1756 241 1814 in
262 1741 413 1834 praerupta
433 1773 482 1814 ιω
500 1755 640 1829 rupibus
660 1756 750 1813 calle
771 1773 809 1814 cx
829 1754 927 1812 matris
947 1775 999 1814 eos
1020 1755 1107 1814 esibili
1188 1773 1189 1790 ¹

125 1897 128 1902 -
212 1862 337 1934 peteret,
370 1854 451 1932 lapsu
473 1853 577 1914 deterri
598 1855 750 1932 perieulum
781 1855 874 1914 subiit.
918 1855 973 1913 Alii
994 1855 1106 1934 pericu·

212 1958 268 2016 lum
290 1955 492 2036 intelligente
513 1953 582 2014 feris
604 1954 701 2013 bestiis
723 1962 787 2014 ete
808 1955 1006 2034 praedonibus,
1028 1956 1106 2034 quod
1187 2041 1188 2046 ἵ

212 2063 306 2115 mosen
327 2063 452 2115 memore
473 2062 635 2116 venatorem
667 2062 803 2114 ornatum
825 2075 922 2134 parum
950 2055 1035 2115 virile
1055 2057 1105 2116 sit.

212 2156 317 2214 Pastor
338 2155 481 2234 Calpurnii
504 2155 557 2225 ΙΙΙ,
580 2161 621 2215 77
649 2174 763 2233 parrum
793 2156 964 2234 lepusculum
994 2157 1105 2235 puellae

212 2256 241 2315 in
264 2255 353 2314 sinum
374 2253 469 2324 infert,
491 2274 571 2332 quem
593 2255 676 2315 metri
697 2255 886 2335 surripueret3
908 2257 980 2316 nlius
997 2258 1043 2328 vt,
1062 2267 1103 2320 33
1186 2293 1187 2296 η

212 2375 324 2418 cervum
350 2354 490 2434 captivum
516 2356 630 2416 domuit.
673 2356 772 2414 Altera
798 2377 865 2434 pars
886 2357 1104 2418 commendatio·

212 2457 268 2516 nis·
286 2463 345 2515 est:
381 2456 492 2514 album
525 2457 731 2514 macularum
766 2458 887 2516 nondum
922 2458 1103 2529 obscuratur,
1185 2507 1186 2522 ,

211 2555 314 2634 quippe
346 2555 422 2632 quod
457 2553 591 2614 infuscari
623 2555 739 2615 Servius
770 2557 996 2618 adolescentibus
1026 2559 1103 2618 dicit.

211 2655 327 2714 Etiam
355 2674 442 2714 nunc
462 2675 524 2714 cum
550 2660 680 2714 sicem
704 2663 754 2716 aut
780 2678 842 2716 cum
870 2677 964 2718 cerco
986 2660 1103 2738 conjun-

211 2772 298 2835 gere,
320 2753 505 2814 collocatione
525 2762 662 2816 vetamur.
706 2757 838 2816 Heinsius
860 2764 1039 2819 etiamnum
1058 2779 1105 2818 re-

211 2857 298 2934 perit,
320 2855 396 2934 quod
416 2874 502 2934 saepe
523 2855 548 2914 is
569 2855 598 2914 in
620 2855 720 2917 Ouidio
742 2866 772 2918 et
792 2859 846 2917 Lb.
869 2860 916 2930 tv,
941 2863 999 2922 1³5
1022 2879 1104 2939 proc·

211 2954 335 3028 ferebat3
357 2955 455 3015 eodem
476 2956 559 3014 modo
581 2955 743 3016 liciniensis
762 2959 815 3030 B,·
839 2967 988 3038 utrumque
1010 2947 1104 3020 autem

211 3055 354 3134 antiquum
375 3061 428 3114 est.
470 3055 589 3129 Aulo,
613 3066 694 3130 sunt,
722 3059 769 3137 qni
790 3059 905 3140 legaot3
933 3056 1104 3120 llafnianses

211 3173 322 3233 qnoque
345 3156 375 3214 C
392 3161 421 3216 et
442 3155 494 3227 D,
528 3157 572 3217 vel
594 3157 621 3215 id
643 3159 678 3217 od
706 3159 835 3238 proximo
862 3160 1026 3240 superiore,
1058 3162 1103 3224 vel

212 3253 249 3313 od
279 3253 408 3332 proxima
433 3255 569 3317 inferiora
601 3260 802 3337 pertrahentes.
846 3261 1003 3338 Utrobique
1030 3262 1102 3320 otio-

211 3373 272 3412 sum
294 3362 354 3425 est,
377 3356 468 3429 albo,
494 3360 691 3431 necessarium,
713 3367 745 3418 ut
765 3360 812 3438 qui
833 3361 913 3420 color
934 3363 1102 3422 macularum

212 3453 311 3526 tirerit,
340 3454 492 3530 indicetne,
527 3461 606 3538 eujus
634 3459 751 3518 rodonis
779 3460 831 3520 lde.
856 3461 903 3532 ΙΙΙ,
928 3467 976 3524 58.
1026 3464 1103 3522 'l'er-
