2380 4028
329 269 482 332 ECLOGA*
503 269 548 330 Vl.
575 275 720 332 41-42.
789 263 793 272 ’
919 279 963 342 Ωθ

78 438 151 497 noni
174 437 311 511 officina,
338 447 388 499 aut
409 441 444 498 de
466 439 542 498 Solis
563 459 645 498 curru
666 438 763 498 furtim
783 439 911 513 abstulit,
933 447 962 499 et

78 541 113 599 ad
134 547 248 599 amatos
271 559 340 600 snos
362 541 529 620 deportarit.
572 541 655 607 Quod
675 542 711 600 ad
732 539 861 600 deliotnor
879 541 962 600 uleis-

76 642 192 700 cendum
223 642 342 721 Jupiter
369 663 431 702 eum
457 645 485 701 io
508 663 576 722 rupe
596 642 698 701 montis
721 643 879 714 Caucasi,
910 643 962 702 sub

78 749 233 804 extremum
264 743 445 803 (irridentem
466 745 572 823 antiqui
594 744 670 803 orbis
692 751 827 804 terrarum
849 746 961 815 Graeci,

78 844 223 918 revinciri,
248 853 281 905 et
303 846 338 904 ab
360 850 478 926 aquila
495 847 577 926 jeonr
597 845 721 924 qnotidie
742 827 962 928 redintegretur·

80 945 227 1006 dilacerari
252 947 352 1027 jussit.
395 948 478 1006 Dono
505 969 578 1028 geos
605 967 694 1006 aenea
720 948 803 1026 plano
829 955 961 1027 corrupte

79 1053 134 1118 eat,
163 1067 256 1126 quoe,
281 1049 358 1106 omni
379 1049 498 1127 expulso
514 1049 640 1128 justitio,
662 1047 755 1107 srootu
776 1049 885 1128 agresti
905 1067 961 1106 noa

80 1149 193 1226 anplius
216 1149 403 1221 vescebatur,
431 1156 539 1208 taurona
560 1155 699 1208 orotorem
721 1149 863 1220 caedebat,
885 1167 962 1208 urna

79 1255 109 1306 et
129 1250 226 1310 domos
250 1272 290 1310 ex
313 1271 379 1310 aere
400 1252 541 1322 struebat,
563 1257 592 1310 et
612 1251 711 1309 bellun
733 1256 839 1308 tanturn
859 1256 889 1308 et
907 1249 964 1310 viar

79 1351 247 1412 moliebatur
279 1353 335 1424 Lb.
363 1353 404 1424 ll,
420 1359 507 1424 ⁴5363
539 1353 628 1411 donec
654 1357 822 1430 postrenum
848 1369 963 1410 aonam
1008 1337 1012 1344 ⁴

78 1459 190 1530 gentem
213 1453 354 1514 nefariam
377 1451 567 1533 (Apolloo.1‚
600 1459 637 1525 7,
670 1463 699 1514 3.
725 1452 819 1512 Sobol.
841 1453 906 1510 Vill.
929 1452 963 1510 ll.

80 1552 105 1622 l,
133 1555 221 1634 126.)
253 1556 386 1616 eluvione
413 1555 546 1634 perdendi
572 1555 684 1634 Jupiter
709 1554 784 1633 capit
805 1553 961 1612 consilium.
1079 1572 1083 1584 ·

80 1653 243 1715 Promethei
271 1658 388 1716 oonsilio
413 1657 458 1715 usi
478 1655 552 1716 lilios
573 1658 648 1736 ejus,
674 1656 803 1735 princeps
823 1655 962 1714 Phthioti·

79 1773 126 1812 ens
152 1758 361 1829 Deucalion,
394 1764 424 1816 et
451 1759 511 1837 ejus
536 1777 610 1816 uxor
630 1755 778 1838 Pyrrha,
805 1755 962 1836 Epinetbei

81 1861 109 1912 et
130 1856 286 1918 Pandorae
306 1857 374 1930 filia,
395 1859 425 1917 in
446 1879 512 1918 area
532 1859 667 1940 fugerunt
688 1867 717 1918 et
738 1860 774 1917 ad
791 1859 962 1918 Parnassum

80 1958 189 2033 appulsi
211 1967 291 2018 sunt
333 1959 460 2038 Jupiter,
487 1967 520 2018 ut
540 1979 593 2038 ope
614 1958 871 2019 eorum.meliorem
892 1976 964 2048 gen·-

81 2060 135 2114 teor
162 2059 314 2120 humanam
341 2061 518 2132 restitueret,
547 2061 661 2122 oraculo
687 2060 722 2120 iis
748 2059 904 2138 praecepit,
931 2059 964 2118 ul

80 2157 213 2232 lapideo
249 2181 334 2240 sopra
360 2168 444 2240 eaput
465 2163 595 2241 jecerent
619 2162 675 2221 Lb.
701 2162 728 2234 l,
760 2167 809 2222 62.
850 2159 919 2220 lodo
944 2178 964 2218 a
1034 2191 1037 2196 ·

80 2257 259 2320 Deucalione
276 2262 347 2340 jaoti
367 2260 472 2320 fiebant
491 2262 553 2334 viri,
576 2247 719 2339 oPyrrha
732 2260 867 2320 laminae:
890 2277 963 2340 gano

78 2360 193 2436 quidem
217 2360 301 2420 etiam
323 2368 381 2419 tum
402 2363 479 2442 duro,
502 2364 552 2422 sed
569 2363 674 2443 justior
690 2368 718 2422 et
735 2362 832 2421 melior
849 2363 963 2420 beroam

81 2467 110 2518 et
138 2462 310 2535 semideum,
338 2464 384 2542 qui
410 2465 445 2524 ad
467 2465 582 2524 Thebas
604 2471 633 2524 et
654 2465 689 2524 ad
710 2459 828 2545 Trojano
849 2461 962 2546 fortiter

83 2559 166 2620 lactis
188 2565 308 2644 gloriam
329 2566 424 2643 adepti
445 2573 524 2637 sunt,
552 2572 665 2645 etpost
686 2573 801 2626 nrortenr
822 2567 961 2626 Fortuna·

84 2666 175 2722 torum
203 2665 311 2725 insulas
337 2665 389 2724 sub
415 2685 486 2747 rege
513 2667 636 2726 Saturno
663 2668 692 2724 io
720 2667 832 2726 (loeano
861 2675 959 2728 teano

86 2769 158 2822 runt.
200 2766 294 2825 Minus
320 2766 387 2826 trita
413 2766 509 2827 sabulo
536 2775 596 2840 ast,
630 2787 711 2846 quarn
739 2769 961 2849 Etynrologieura

87 2855 222 2947 (ῖκόνιον)
242 2867 347 2926 tradit:
371 2875 434 2946 post
453 2869 545 2927 undas
560 2868 874 2928 Deucalioneasdovenr
890 2869 962 2925 Pro·

88 2963 206 3042 metheo,
220 2975 250 3028 et
275 2969 419 3029 Minervae
445 2969 611 3048 imperasse,
638 2976 671 3026 ot
691 2967 838 3026 simulacro
858 2986 875 3025 o
894 2967 961 3028 linro

87 3058 240 3143 fingerent,
265 3077 299 3128 et
325 3069 431 3142 ventis,
457 3079 490 3129 ut
515 3071 551 3129 ad
577 3091 612 3129 ea
633 3070 772 3148 spirarent
793 3074 822 3127 et
843 3088 878 3128 ea
897 3068 961 3130 viro

88 3161 221 3230 iacerem.
262 3171 309 3230 Ab
338 3170 394 3230 illis
425 3172 515 3230 altero
542 3171 605 3229 loeo
631 3169 734 3228 ornatis
759 3168 854 3230 ferrea
878 3190 959 3252 gens,

90 3283 158 3341 quae
179 3273 268 3331 adlruo
289 3279 348 3343 ert,
376 3277 466 3330 ortum
487 3271 585 3342 babet,
608 3289 679 3350 quae
699 3271 819 3353 singulis
839 3291 961 3353 genera·

91 3364 210 3431 tionibus
241 3374 321 3453 pejor
352 3371 399 3445 fit,
431 3379 460 3432 et
485 3373 647 3452 aliquando,
678 3386 781 3435 summe
806 3373 959 3452 inquinata,
1076 3449 1079 3458 ,

92 3483 192 3534 tureos
216 3475 305 3536 aetati
330 3474 458 3536 redeunti
485 3475 567 3536 eedet
591 3477 648 3547 lv,
678 3482 781 3536 4-7.
810 3475 883 3552 ¹llas
903 3495 960 3546 rer,
