2462 4028
190 285 364 346 ncnooa
385 286 424 347 x,
447 243 679 349 aroannam
702 289 915 354 aramma.
951 299 1018 364 aas

94 455 262 514 desertum
301 463 428 534 politam,
467 457 647 518 misericorde
678 464 763 517 cantu
783 459 822 538 ,5¹¹
856 459 962 538 campis
989 467 1019 520 et

93 555 170 615 altis
196 562 231 614 et
256 557 410 616 humilibus
432 558 511 616 etin
533 559 596 638 ipsa
616 559 753 632 Arcadia,
775 577 831 639 quo
853 561 935 619 dolor
955 579 1019 621 eum

94 660 263 738 coegerit,
294 677 312 717 a
340 659 500 738 pastoribus
526 667 556 719 at
582 661 637 719 diis
664 681 798 742 agrorum
825 658 921 720 flatum
943 683 1017 723 esse.

85 761 219 819 'Dolore
244 779 348 818 eorum
371 771 537 820 commotam
558 761 634 820 vitae
656 763 730 841 apud
752 781 804 820 aos
823 765 948 822 rusticae
969 785 1018 850 so-=

97 881 207 921 curam
221 869 383 942 exoptasse
395 863 580 934 clementiam,
602 863 664 942 ipse
678 883 761 942 quum
774 881 849 924 nnnc
864 865 900 923 ab
913 865 1017 924 amoris

96 963 190 1022 simul
217 970 251 1022 et
276 964 343 1022 helli
365 965 532 1023 crudelitate
554 974 688 1037 vexetur3
710 985 806 1026 verum
828 965 916 1024 etiam
928 967 1017 1025 Arca-

99 1065 178 1124 dicis
204 1063 419 1137 delenimentis,
441 1065 487 1126 vel
508 1064 534 1122 si
555 1065 592 1123 ad
613 1073 756 1125 extremos
779 1065 856 1124 orbis
877 1071 1017 1125 terrarum

98 1165 181 1226 fines
205 1167 302 1228 vellet
322 1165 455 1247 migrare,
478 1150 600 1224 infelicis
622 1185 653 1224 se
671 1165 910 1244 possecruaiotus
922 1187 1017 1226 amon·

92 1269 166 1330 ,tiae
191 1267 343 1326 moderari
364 1268 540 1347 desperasse.
579 1267 744 1326 Commenta
765 1269 888 1327 suntad
910 1287 1015 1328 ornan·

101 1372 186 1446 dum,
211 1389 276 1429 non
298 1389 383 1430 verae
403 1389 460 1430 res.

155 1548 156 1554 ἵ
201 1471 317 1551 Magna
346 1490 413 1550 pars
445 1469 576 1530 carminis
603 1469 677 1528 enirn
708 1455 798 1529 lihera
824 1469 943 1529 imitatio
971 1480 1016 1530 est

104 1573 279 1652 Daphnidis
301 1572 329 1629 in
352 1571 440 1651 primo
461 1571 558 1650 idyllio
571 1569 724 1644 Theocriti
742 1591 838 1631 amore
859 1571 1015 1651 liquescen-

108 1675 162 1734 tis.
210 1675 310 1740 Quare
331 1673 455 1752 Martyni
482 1673 547 1732 mihi
567 1673 678 1736 'videtur
699 1674 904 1753 approbatione
927 1675 1015 1757 digna

110 1777 288 1856 conjectura
309 1795 387 1835 esse:
411 1775 640 1852 quemad-olum
663 1775 1013 1853 pharmaceutriaeTheo·

110 1879 227 1938 criteae
249 1875 422 1946 Pollionem,
454 1875 495 1934 sic
521 1874 611 1953 ipsam
636 1873 713 1932 illius
741 1875 903 1933 nominatior
925 1875 1014 1952 idyllii

112 1980 235 2050 Gallum
256 1975 439 2035 imitationem
462 1974 624 2053 requisisse.
648 1973 722 2032 Galli
743 1973 881 2046 nimirum,
895 1963 1013 2053 perituri

113 2099 232 2152 amore,
256 2077 431 2156 desperatio,
459 2076 521 2158 ipse
543 2093 625 2154 quam
647 2071 782 2156 perfidam
803 2081 896 2135 tamen
919 2075 1012 2154 Lyco·

113 2183 161 2242 rin
184 2181 277 2240 hieme
294 2181 353 2259 jam
375 2177 443 2237 anni
463 2175 817 2236 uccxvr-uccxvn
830 2176 1010 2250 eacumina,

115 2305 156 2345 ex
179 2303 236 2362 qno
257 2299 357 2342 versus
379 2277 515 2360 Virgilius
535 2288 657 2358 quatuor
677 2284 803 2342 ato-49
825 2277 932 2356 recepit
953 2277 1011 2356 plc-

115 2405 173 2446 noa
197 2383 317 2455 ardoris,
334 2387 369 2440 ct
389 2385 455 2460 past
475 2387 597 2458 quatuor
607 2364 687 2438 libris
699 2379 855 2460 elegiarum
866 2378 1010 2438 celebrare
1080 2453 1085 2460 „

116 2483 260 2568 potnerit,
291 2482 402 2564 poetica
427 2481 535 2565 magis,
563 2499 644 2561 qnam
667 2481 744 2542 serio
770 2485 801 2542 at
825 2480 861 2540 ad
887 2479 1007 2555 literam,

117 2587 306 2671 intelligenda
328 2585 393 2648 erit.

436 2750 695 2762 m

400 3008 727 3068 Aonotatm

207 3189 309 3244 1-8.
351 3179 442 3238 Unum
468 3175 584 3254 insuper
603 3171 712 3253 pastori
732 3189 859 3247 emman,
885 3173 1005 3236 candida

120 3283 256 3364 Nympha,
277 3299 350 3360 quae
371 3279 529 3339 Theocrito
550 3273 659 3335 animos
679 3273 833 3354 inspirasti,
854 3295 906 3354 pro
920 3273 1002 3336 Gallo

120 3406 182 3446 mco
210 3384 276 3444 mihi
303 3382 423 3464 largire:
456 3380 486 3438 in
511 3384 634 3458 spretum
656 3375 860 3452 ejus'amorem
880 3393 1001 3449 emman,

73 3499 74 3506 ’
122 3487 201 3566 quale
222 3485 362 3566 cupiebat,
384 3483 450 3544 mite
471 3489 501 3542 ot
521 3485 704 3554 mansuetum,
726 3475 1003 3622 q⁰⁰dpv3⁰i¹²7⁰⁰⁶⁸
