2380 4028
204 284 250 344 41
451 275 606 335 bonnus
627 271 678 348 Vl,
695 279 847 336 ttulit.

165 459 169 466 ⁴
204 443 312 514 dinato,
339 443 460 502 iabulem
482 452 538 504 tam
559 443 705 522 praeclare
726 442 883 512 cecinerat,
912 451 1027 500 utnon
1052 463 1108 503 se·

203 563 255 604 ons
281 551 366 623 atque
387 546 530 624 Musarum
552 546 656 616 amieo,
685 541 837 604 Hesiodum
860 545 895 603 ed
918 546 1104 623 sequendum

203 655 383 716 consecrate,
417 647 553 727 Virgilius
579 647 606 705 ei
635 645 774 727 gratulari
802 646 935 725 potuerit.
979 647 1100 706 Clario-

110 727 114 734 1
203 767 261 806 rem
289 747 372 806 etiam
399 756 521 826 quatuor
542 747 696 830 elegiarum
719 747 799 821 iibri,
836 755 973 810 venustae
992 748 1101 826 Lyco-

203 849 256 908 ridi
278 849 321 919 X,
350 857 377 908 2.
400 849 542 928 inscripti,
566 869 630 907 mox
654 869 716 908 eum
737 849 882 921 fecerunt,
903 850 1003 928 quibus
1029 853 1101 933 eju

202 949 437 1010 immortalitatem
460 951 576 1010 Ovidius
598 971 660 1010 arn.
682 953 712 1025 l,
732 953 792 1023 15,
816 953 1050 1012 lli-tribuebat:

270 1068 361 1122 Gellns
378 1073 405 1124 et
420 1065 577 1134 Hesperiis,
594 1072 620 1121 et
637 1068 727 1120 Gslln's
744 1072 821 1120 notne
838 1065 917 1134 llois,

353 1153 388 1206 Et
404 1169 452 1206 sua
467 1169 526 1205 cnm
544 1153 621 1205 Gello
638 1159 700 1206 nota
716 1151 824 1218 Lycoris
843 1151 900 1205 erll.

201 1259 374 1337 Quamquam
392 1257 584 1324 Quintilianus
605 1257 643 1316 X.
664 1277 692 1336 p.
716 1265 786 1318 226.
809 1257 950 1316 duriorem
972 1277 1038 1316 oum
1063 1259 1095 1318 iu

200 1360 257 1418 isto
278 1377 386 1440 genere
408 1377 472 1418 csso
492 1357 624 1437 putabet,
652 1375 735 1437 quam
756 1353 908 1436 sequedtes
930 1359 1094 1440 elegiaru-

200 1467 346 1532 auctores,
380 1446 485 1518 tersum
512 1461 672 1532 Tibullum,
700 1467 743 1531 et,
772 1477 852 1538 quem
874 1460 923 1519 ulii
946 1461 1094 1539 praetule-

199 1569 280 1636 runt,
315 1546 510 1639 Propertium,
527 1541 585 1622 'vel
606 1562 741 1623 lascivum
762 1561 901 1622 ovidium.
946 1562 1093 1621 'l'ruditos

198 1663 259 1742 ejus
281 1662 429 1735 babemus,
461 1668 575 1739 praeter
595 1663 710 1743 longius
732 1683 844 1722 carmon
861 1663 1004 1742 juvenile,
1036 1663 1091 1722 Gi-

196 1765 249 1822 rim
270 1783 298 1825 v.
323 1770 378 1834 74,
408 1781 514 1842 paucos
535 1783 649 1835 versus,
672 1783 742 1843 quos
767 1764 902 1846 Virgilius
923 1765 967 1840 X,
994 1773 1090 1826 46-

197 1865 418 1938 deseruerit,
452 1873 482 1924 et
508 1865 557 1926 vix
585 1867 694 1945 aliquas
716 1866 858 1944 reliquias.
903 1868 985 1932 Quae
1006 1867 1089 1945 prius

133 2015 137 2024 .
196 1969 258 2050 ejus
280 1987 343 2028 esse
365 1967 546 2038 dicebantur,
570 1989 604 2028 en
627 1959 727 2048 parlim
750 1968 918 2047 posterioris
939 1969 1086 2048 cujusda·

69 2079 74 2092 '
196 2071 376 2141 Maximiani,
415 2071 515 2150 partim
550 2069 622 2130 fatui
654 2069 772 2150 alicujus
805 2071 974 2149 subjectom's
1004 2078 1084 2128 sunt.

195 2173 316 2232 limendi
335 2171 472 2244 facultas,
504 2173 625 2250 quaein
649 2171 782 2230 Cornelio
804 2172 906 2242 Gullo,
935 2163 1084 2232 Ciceronis

195 2283 225 2336 el
250 2273 341 2334 Asinii
368 2272 571 2334 cousuetudine
593 2280 701 2334 mature
722 2276 798 2345 usis,¹
816 2271 920 2345 fuerit,
951 2293 1007 2332 uno
1028 2293 1083 2332 ore

148 2421 151 2431 .
195 2378 358 2458 epluribur
381 2377 540 2436 laudatum·
565 2375 702 2456 Virgilius
724 2373 751 2433 ci
774 2382 876 2454 postes
895 2395 953 2434 non
971 2382 1082 2434 tenlu-
1187 2405 1188 2412 κ

195 2480 327 2540 decimam
355 2477 482 2556 eclogam
511 2476 668 2553 inscripsit,
695 2476 746 2534 sed
766 2476 796 2534 in
816 2477 1026 2557 Georgicorum
1048 2477 1082 2536 li-

194 2582 245 2638 bro
267 2584 368 2655 quarto
390 2576 538 2657 egregiam
560 2593 670 2653 queque
692 2577 719 2634 ei
739 2577 930 2638 laudationem
949 2579 1080 2650 babebat,

193 2672 275 2760 quom
302 2685 395 2737 autom
421 2685 453 2736 ut
480 2676 589 2735 deleret
614 2684 679 2756 poet
706 2678 845 2739 infelicem
867 2677 950 2738 amici
971 2680 1080 2740 exitum

191 2788 307 2843 metus
335 2787 388 2838 est.
431 2779 602 2838 Parthenius
623 2762 747 2859 quicqua,
778 2781 825 2859 qui
847 2782 966 2842 Graecis
986 2781 1081 2840 literis

58 2895 63 2904 ”
190 2885 340 2967 Virgilium
367 2881 502 2953 instituit,
535 2882 653 2942 Erotion
678 2902 744 2958 sua,
773 2901 845 2961 quae
866 2884 958 2942 adbuc
978 2901 1079 2964 snper.

133 2987 139 3008 ¹
190 2995 271 3060 mot,
304 2987 405 3048 eidem.
425 2984 611 3045 consecrarit.
654 2984 699 3043 lle
724 2985 858 3066 Aegypte
885 2985 1080 3066 expugnando

190 3093 289 3152 Gallus
315 3098 372 3168 tam
400 3087 546 3168 praeclare
573 3085 688 3157 meruit,
715 3093 748 3144 ut
774 3087 882 3146 Caesar
903 3087 1081 3147 ocresiam

189 3213 251 3253 enm
291 3192 326 3250 od
362 3191 423 3268 ejus
460 3188 622 3270 provinciae
655 3187 860 3268 praefecturam
897 3193 1076 3268 pruvclreret.

188 3296 272 3353 Anno
302 3291 512 3352 nccxxvlll.
546 3291 581 3350 dc
610 3290 830 3369 imprudentibus
858 3292 893 3349 ed
922 3291 1078 3353 familiares

188 3396 363 3458 sermonibus
385 3400 415 3452 ct
436 3393 471 3453 de
492 3393 630 3472 suspectis
652 3393 798 3452 conatibus
819 3401 979 3467 secuntus,
1002 3393 1075 3452 cee-

137 3504 140 3512 '
189 3497 260 3560 seris
291 3497 433 3556 reomatis
461 3501 491 3553 et
517 3513 617 3554 sermo
644 3496 891 3554 senatusconsulto
918 3495 953 3554 ad
977 3513 1075 3554 nece·
