2462 4028
181 297 250 357 906
430 285 585 346 ECLOGA
606 285 645 357 X,
668 291 803 346 19-21.

183 456 267 514 lrahet
288 461 455 535 correptam.
491 455 640 514 Bubulco?
662 459 729 512 sunt
750 451 839 525 tardi,
861 453 956 532 qualia
978 471 1077 512 eorum

183 563 324 630 armenta3
351 557 461 615 minime
483 563 614 635 pastores
635 575 730 628 mum,
758 555 906 626 subulci,
940 553 1077 613 librorum

183 657 290 736 aliquot
310 679 393 716 manu
415 658 583 736 scriptorum
604 663 746 730 veterum3
768 676 861 735 genus
879 655 952 714 eninr
964 656 1078 714 suillum

182 758 320 818 incessum
334 759 382 818 vix
394 759 538 838 permittat
549 766 715 820 morantem.
761 757 857 816 Libris
868 755 975 816 nostris
993 777 1077 816 manu

183 859 295 938 scriptis
324 866 368 918 est
389 861 524 939 Apulejns
552 859 710 938 antiquior,
741 859 789 938 qui
816 859 859 918 bis
886 857 1077 939 virgilianum

184 963 359 1034 opilionem
380 967 410 1020 et
431 963 638 1041 subsequam,
662 961 682 1020 i.
705 967 885 1020 erectorem
899 960 993 1032 boum,
1015 961 1077 1020 leu-

91 1069 95 1074 “
184 1063 246 1134 dat,
276 1064 310 1121 ad
337 1064 412 1122 hunc
439 1063 530 1122 locum
557 1062 721 1142 respiciens.
763 1062 910 1141 Denique,
939 1062 1009 1140 quid
1029 1056 1098 1121 hic‘

183 1164 237 1222 sibi
263 1165 352 1226 velint
378 1165 504 1224 subulcil
535 1165 711 1224 Menalcas
738 1165 872 1223 subulcus
898 1183 982 1242 quum
1009 1183 1075 1243 pro-

170 1266 259 1324 'ximo
281 1286 364 1326 versu
386 1273 500 1346 praesto
522 1265 569 1326 sit.
612 1267 679 1326 Veri
700 1265 791 1326 simile
812 1271 866 1338 est,
888 1265 924 1326 ad
941 1266 1076 1326 Messal-

182 1385 241 1426 eae
261 1367 510 1448 interpretaturum
531 1367 672 1428 addidisse
693 1367 813 1446 aliquam
834 1367 998 1439 cadalous,
1020 1368 1076 1428 ito-

183 1487 237 1546 que
262 1468 380 1528 insanae
408 1469 593 1530 correctionis
621 1489 732 1528 causam
755 1469 875 1528 dedisse.
917 1469 1075 1548 Utrumque

183 1569 258 1626 istud
279 1571 455 1641 vocabulum,
478 1571 555 1629 succi
576 1572 686 1650 plenum
708 1570 834 1644 villatici,
856 1571 943 1629 semel
965 1577 1073 1630 tanturn

184 1668 319 1749 Virgilius
340 1671 394 1728 hoo
415 1671 444 1729 in
465 1671 529 1730 loco
552 1671 691 1743 adhibuit,
720 1677 750 1731 et
775 1672 811 1730 de
831 1671 967 1731 Arcadia!
1002 1671 1073 1731 Nam

183 1770 217 1829 ab
246 1769 338 1829 inerte
364 1771 498 1844 mollitia,
530 1792 621 1852 paene
648 1773 825 1851 Sybaritica,
856 1793 931 1832 nunc
958 1780 1074 1834 nosuae

182 1879 303 1951 poiiseos
325 1873 505 1955 pastoritiae,
527 1879 583 1933 tam
605 1875 693 1956 louge
714 1875 776 1955 ejus
796 1875 923 1934 Arcades
944 1875 1072 1946 aberant,

182 1979 224 2046 nt,
246 1973 274 2032 in
296 1981 454 2054 poematum
475 1997 571 2036 amore
588 1976 726 2057 legitimo,
749 1977 856 2035 eoelum
870 1975 1072 2036 crassissimum

183 2081 213 2134 et
238 2075 351 2135 labores
378 2077 542 2137 durissimos
569 2078 726 2137 tolerarent
746 2077 796 2136 Vll
802 2122 811 2152 ,
844 2083 875 2138 4.
918 2079 1014 2144 Quare
1033 2079 1071 2137 ad

182 2176 329 2238 veritatem
357 2183 442 2258 posta
463 2179 625 2238 describens
647 2199 684 2238 ne
705 2179 875 2239 subulcum
895 2179 1003 2259 quidem
1023 2178 1069 2238 hie

183 2277 309 2350 evitavit,
331 2299 412 2358 quem
433 2275 516 2340 nimis
538 2299 601 2340 esse
620 2279 773 2362 ignobilem
795 2281 831 2339 ad
853 2301 921 2340 suos
940 2287 1073 2368 pastores
1178 2288 1180 2293 ’
1222 2275 1223 2284 ³

183 2379 364 2440 adumbratos
398 2380 570 2445 Theocritus
602 2381 733 2442 censuit:
766 2373 901 2442 'Arcadia
929 2381 1072 2460 quoniam,

184 2483 259 2561 quod
280 2501 365 2560 supro
385 2483 608 2556 memoravimus,
629 2483 755 2543 homines
777 2491 807 2542 et
817 2503 884 2543 sues
895 2482 1072 2544 multitudine

183 2584 360 2659 glaudium
381 2583 546 2662 saginabat3
580 2589 610 2642 et
636 2585 727 2643 Varro
749 2585 791 2658 ll,
820 2589 840 2644 4
869 2585 1013 2663 quoniam,
1041 2585 1071 2644 in

182 2681 306 2742 Arcadia
326 2701 403 2742 suem
425 2683 591 2758 sevidisse,
613 2685 695 2744 testis
716 2693 770 2759 est,
792 2705 873 2765 qnae,
894 2705 965 2766 prae
986 2685 1070 2745 nimia

183 2784 396 2866 pinguetudine,
417 2805 537 2868 surgere
557 2785 700 2865 nequiret3
722 2788 803 2868 eujus
824 2786 855 2846 in
875 2807 961 2848 earne
984 2801 1071 2847 sorex

183 2887 278 2946 nidum
299 2885 421 2960 fecerat,
454 2895 484 2949 et
504 2895 654 2968 pepererat
679 2907 782 2949 mures.
825 2889 948 2948 Crudum
976 2895 1073 2950 tamen

182 2989 244 3049 auri
276 2989 421 3050 Romanae
453 2971 665 3051 condonabatur
699 2992 870 3065 cadomus,
903 2978 1073 3071 praesertim

181 3097 248 3170 post
275 3083 501 3168 ὃμοιοτέλευτον
526 3093 673 3166 bubulci,
702 3099 732 3152 et
759 3074 855 3152 officia
880 3099 989 3152 lantum
1010 3093 1073 3152 Me-

182 3193 282 3252 nalcae
303 3195 401 3253 wuido
413 3195 528 3254 humore
541 3193 639 3266 silvae,
660 3196 836 3273 glandium
856 3191 1072 3256 hibernarum

181 3294 291 3371 plenae,
312 3293 553 3376 significabantur.
599 3295 708 3356 Olane
728 3293 881 3368 hiberno,
903 3315 992 3375 quae,
1013 3315 1070 3354 non

183 3393 311 3467 collecta,
333 3397 428 3455 densis
449 3395 478 3454 in
496 3396 586 3478 jugis
598 3398 731 3457 montium
742 3417 793 3478 per
802 3397 920 3458 hiemem
927 3399 1067 3478 jacuerat.

182 3496 240 3556 Ver
266 3496 339 3556 enim
366 3515 442 3557 nuuc
463 3497 552 3576 ipsum
574 3497 680 3571 fuisse,¹
706 3499 736 3558 id
756 3497 909 3560 lerulannn
930 3498 1017 3559 flores
1038 3503 1068 3556 et
