2280 4022
270 297 272 304 ¹
296 282 450 342 ECLOGA
472 283 519 342 IV.
542 289 692 348 63-59.
876 291 943 356 {89

57 451 83 510 in
109 449 229 530 reliquis
257 467 370 532 qunque
396 453 508 514 vatibus
539 454 716 532 antiquitatis
747 453 851 514 factum
888 461 941 526 est,

55 554 161 612 seriore
181 553 284 614 fraude
305 575 404 615 versus
427 557 463 614 de
485 555 600 616 deorum
616 555 812 634 hominumque
830 555 943 636 origine

55 655 147 713 tributi
175 664 252 714 sunt.
295 657 431 734 Apollo,
464 658 533 716 deus
563 658 617 716 arti
648 657 807 736 praefectus
836 657 943 738 sagitta

55 753 185 831 seniendi,
210 757 380 820 vaticinandi
403 767 432 818 et
453 760 590 830 musicae,
612 760 696 818 etiarn
710 767 858 838 antequam
880 780 941 818 οιιι

55 857 119 916 Sale
140 857 372 936 permisceretut,
405 861 505 940 quippe
532 861 580 940 qui
601 861 718 920 salutem
741 868 771 920 et
792 862 941 940 perniciem

55 959 224 1037 dispertiret,
247 963 418 1040 sempiterna
429 965 579 1043 juventute
590 974 618 1022 et
632 966 847 1036 formositate
860 963 941 1026 etin-

54 1062 138 1120 tuasis
150 1063 261 1142 capillis
281 1063 451 1143 fingebatur.
487 1065 666 1144 ‘Leugniehii
686 1065 757 1122 liber
778 1064 941 1124 habetote-

53 1175 136 1234 cont,
160 1163 291 1244 ‘cogitate
309 1173 338 1222 et
355 1165 432 1224 iente
445 1163 557 1224 dictura.
602 1164 758 1224 idemiiber
772 1163 942 1226 etduoilai·

53 1265 162 1324 aienses
178 1266 273 1325 M
289 1263 563 1352 Orphatamquam
576 1287 613 1326 ex
632 1262 766 1340 Orsslees,
783 1267 857 1344 quod
876 1267 941 1324 Pri·

53 1367 162 1426 sciamus
177 1369 327 1447 approbat,
341 1367 507 1449 refragante
520 1369 624 1439 Pirama,
637 1368 683 1446 qui
698 1364 820 1444 Orphei
829 1368 941 1428 mavult.

132 1471 200 1549 lpse
222 1471 315 1542 Para,
346 1471 392 1548 qui
421 1477 477 1528 tum
502 1490 556 1528 nan
580 1470 690 1541 minns,
714 1489 795 1548 quam
817 1469 940 1547 quadiu

52 1566 150 1629 fabalis
173 1580 234 1643 est,
258 1591 393 1651 praesens
414 1571 489 1630 inter
509 1579 624 1632 nostros
645 1571 737 1630 aderit
758 1591 784 1631 v.
809 1577 858 1641 15,
880 1589 942 1630 aar·

52 1669 122 1730 mine
144 1695 251 1734 meeum
267 1682 380 1732 certans
392 1693 484 1732 eoram
498 1673 673 1752 peritissimis
692 1671 835 1730 brabantis
855 1689 942 1730 eausa

52 1773 140 1832 cadet.
169 1805 212 1820 -—
256 1775 366 1841 Quodsi
393 1775 500 1856 singuli
528 1775 638 1853 populi,
665 1774 739 1852 quod
766 1773 819 1832 sibi
844 1773 941 1832 Xeno·

51 1873 156 1949 phanes
179 1877 346 1937 observasse
367 1877 493 1946 videtur,
517 1877 586 1934 deas
609 1892 676 1934 suos
698 1875 797 1952 patriis
819 1875 942 1934 moribus

51 1979 78 2030 et
108 1977 261 2036 virtutibus
289 1979 444 2038 instructos
474 1975 603 2057 fingunt3
645 1977 770 2046 Panem,
799 1996 850 2054 par
876 1975 941 2046 fnit,

49 2093 131 2151 quum
161 2087 326 2140 montuosae
353 2079 463 2158 patriae
491 2087 634 2156 pasturum
661 2075 800 2136 Arcadiae
827 2077 872 2150 ll,
901 2087 941 2140 32

47 2188 213 2252 praeesset,
235 2181 317 2258 hujus
328 2180 467 2240 Arcadiae
485 2187 629 2256 pasterum
650 2179 679 2236 in
701 2177 819 2249 artibus,
840 2190 942 2238 cantu

46 2286 76 2334 et
98 2279 197 2338 fistula
217 2281 290 2350 vn,
312 2290 340 2339 4.
369 2297 503 2336 summurn
534 2279 623 2336 laeum
654 2297 804 2354 occupare.
847 2281 942 2344 tiuare

45 2379 175 2456 Thyrsis
198 2400 309 2458 qunque
332 2378 482 2438 Theocriti
503 2379 531 2448 l,
561 2388 579 2440 3
603 2378 780 2448 nonhabet,
808 2397 864 2458 que
886 2400 943 2438 mn-

49 2481 94 2560 gis
116 2483 236 2542 amicum
257 2483 368 2553 laudet,
383 2500 488 2560 quarn:

118 2627 152 2636 -
168 2626 205 2636 -—·
220 2624 254 2636 -
272 2599 336 2650 Post
354 2604 381 2649 tu
399 2598 471 2648 Pana
488 2594 557 2650 feras
575 2595 649 2648 fariie
666 2597 774 2648 atterum
791 2595 930 2660 lionorem3

117 2683 288 2749 Cornigerum
306 2682 378 2734 malit
394 2681 417 2734 si
433 2697 556 2749 capram,
575 2697 647 2734 sume
664 2683 798 2750 capellam.

54 2784 160 2860 Pasa,
185 2790 260 2866 quod
281 2787 310 2845 in
333 2786 470 2866 principio
492 2786 687 2856 simulaverat,
704 2773 838 2844 ¹huc'oiiei
858 2784 942 2843 simu·

54 2885 156 2949 iatinne
186 2891 214 2948 in
243 2889 324 2948 exitu
351 2908 419 2948 usus
448 2897 506 2960 est3
541 2895 571 2946 et
602 2893 710 2965 quanta
742 2886 769 2942 iu
803 2891 943 2942 concentu

55 3008 168 3063 versus,
197 2991 247 3070 qui
274 2998 303 3049 et
329 2990 357 3049 in
391 2989 515 3048 numeris
549 2995 579 3046 et
606 2989 634 3046 in
669 2985 808 3045 concinna
842 2985 942 3063 pedum

55 3093 250 3170 aequabilitate
272 3092 410 3152 cernitur!
454 3091 530 3150 Para
545 3091 625 3148 cleos
647 3087 800 3147 Arcadio
821 3105 943 3148 mecam

55 3224 106 3264 -‚
129 3196 204 3274 quod
226 3194 344 3253 Servius
365 3193 452 3272 legit,
485 3191 570 3248 habet
591 3189 701 3265 quidem
722 3189 809 3247 Pierii
831 3207 942 3266 quoque
1010 3255 1013 3260 ,

55 3291 420 3373 liber,⁴1)enatnsqueqae
441 3291 621 3356 ariTerentii
636 3291 703 3350 Hee.
726 3291 771 3361 ΙΙ,
795 3295 828 3362 2,
853 3299 890 3352 13
912 3299 943 3350 et

56 3395 223 3468 ascensius,
251 3405 370 3475 uterque
396 3395 442 3454 hic
475 3413 537 3452 eum
566 3391 750 3463 Arcadiae,
773 3399 838 3469 post
859 3392 943 3452 etiam

57 3495 239 3570 Primanus,
262 3499 327 3570 aiii3
356 3498 406 3557 sad
433 3491 496 3554 sirie
518 3494 602 3556 anaia
624 3515 661 3554 ea
684 3495 722 3567 X,
747 3501 787 3556 26
808 3491 940 3552 manavit.
