2462 4028
215 287 283 350 ult
474 277 629 337 ECLOGA
650 274 688 345 Χ,
711 277 848 336 eo-cl.

215 445 280 505 vide
305 465 331 505 v.
356 451 410 514 14,
439 423 486 522 qui
513 443 686 522 precationis
712 447 794 502 ratae
820 438 916 501 sactae
944 441 1029 500 testis
1057 451 1115 501 est.

215 546 325 617 Haec,
353 546 492 623 aquibus
512 556 622 604 tamem
643 564 699 604 non
721 543 844 604 desistor
872 561 995 602 amorem
1018 563 1114 602 meum

216 649 252 708 ad
273 654 390 707 mortem
411 663 501 724 usque
522 652 742 724 permanentem.
785 644 865 703 Mors
886 643 933 702 ubi
955 644 1010 702 sul)
1027 645 1114 702 hilari

215 748 340 832 imagine
365 747 458 806 somni
482 745 615 830 fingitur,
643 746 682 806 ibi
708 747 952 821 complacidae
974 750 1112 826 quietis,

215 858 311 910 terrae
337 867 425 930 super
450 869 517 908 osea
543 847 629 919 levis,
656 847 758 928 lapidis
779 867 846 906 ossa
865 867 924 906 nou
945 867 1113 929 aggravan-

217 952 253 1012 tis
274 949 458 1029 quotidianae
477 949 612 1030 loquendi
632 945 770 1008 formulae
791 955 867 1008 sunt.
889 949 1008 1008 Animae
1029 969 1113 1009 meae

217 1053 343 1132 quamvis
371 1051 495 1112 defuncti
523 1051 627 1111 solatio
655 1051 708 1122 sit,
735 1051 761 1110 ai
783 1050 820 1109 ad
841 1058 1039 1130 ergrrmentun
1059 1071 1111 1112 ve-
1216 1071 1217 1134 l

216 1164 339 1214 atrorum
361 1155 524 1226 carminum,
546 1152 651 1212 additia
663 1153 807 1226 fistulae
829 1151 919 1210 modis
940 1151 1000 1212 rive
1022 1151 1113 1213 tibiae

215 1277 253 1315 ex
274 1255 399 1335 pluribus
420 1255 534 1316 calamis
555 1255 591 1326 ll,
614 1261 670 1329 37,
691 1273 795 1314 mmm
815 1273 957 1312 amorem
977 1273 1035 1312 uon
1059 1253 1112 1312 mi-

215 1377 284 1429 nue,
313 1377 395 1436 quem
423 1358 593 1417 celebratum
620 1355 791 1436 Daphnidis,
819 1355 974 1435 elegeritis.
1019 1356 1111 1418 Vetus
1217 1371 1218 1414 l

213 1458 316 1529 lectio,
352 1463 541 1538 quiescant,
576 1463 607 1516 εἰ
634 1460 743 1530 dicat,
777 1463 910 1536 precatur
941 1456 1109 1530 modestius,

214 1578 296 1637 quam
323 1558 512 1618 confidentius
540 1563 728 1639 quiescent&
758 1558 885 1637 quamvis
915 1557 945 1616 id
967 1565 998 1616 et
1015 1558 1108 1637 ipsum

214 1660 250 1716 ed
271 1661 364 1718 dicad
384 1660 455 1718 bene
476 1679 509 1718 se
529 1659 633 1718 lrabeat
653 1661 701 1731 lV,
724 1664 774 1722 58.
796 1661 844 1732 vl,
869 1667 917 1721 10.

299 1764 436 1825 35-41.
458 1759 511 1818 Sui
531 1765 633 1834 status,
655 1781 674 1820 a
694 1780 751 1839 quo
773 1767 884 1820 mortuo
904 1761 1016 1820 demum
1028 1760 1107 1840 quiea
1218 1827 1219 1854 p

214 1859 284 1932 erit,
312 1880 375 1920 cum
396 1861 602 1939 tranquillitate
622 1861 762 1922 Arcadiae
784 1862 958 1942 comparatio
980 1869 1104 1942 optatum
1218 1857 1219 1874 ¹

213 1962 380 2036 eiexcitat‚
402 1969 435 2024 ut
455 1963 516 2042 ipae
538 1964 638 2035 Areas,
660 1963 785 2042 quamvis
807 1983 845 2024 ex
866 1962 969 2024 infimis
989 1971 1107 2035 tantun,
1160 2007 1163 2020 ,

212 2063 302 2125 luisse
320 2065 409 2124 emolit.
442 2053 538 2136 Τιιιιό,
560 2064 636 2124 inter
656 2085 757 2126 secura
778 2065 907 2146 negotia,
930 2085 1008 2124 amor
1028 2073 1107 2124 certe

212 2185 271 2226 non
292 2165 432 2225 infelicem
455 2185 517 2224 eum
539 2165 767 2226 reddiderit-
787 2166 929 2239 Fuisse,
953 2185 1009 2226 non
1029 2163 1104 2240 lieri,

212 2269 395 2340 vulttlallus,
419 2267 466 2346 qui
484 2266 567 2328 murti
589 2287 621 2327 aa
643 2268 767 2329 devovit
792 2269 912 2329 Custos
934 2267 1034 2350 gregis
1056 2274 1107 2327 ant

211 2369 362 2448 peculiaris
386 2369 418 2442 V,
440 2372 491 2440 44,
514 2377 564 2428 aut
585 2368 725 2430 commissi
743 2369 794 2440 ΙΙΙ,
818 2375 847 2433 A.
872 2370 942 2430 001.
962 2369 1024 2440 Vll,
1050 2377 1105 2442 123

212 2470 258 2530 hic
279 2473 333 2529 hoc
354 2451 545 2548 potissimum,
572 2471 608 2530 ob
636 2475 809 2532 vinitorem
831 2472 1025 2551 conjunctum,
1058 2471 1106 2550 qui

213 2571 288 2647 apud
315 2569 497 2630 Columellam
523 2571 578 2640 ΙΙΙ,
611 2580 630 2632 3
663 2578 708 2631 est
734 2578 841 2648 emtus,
881 2572 955 2652 apud
983 2572 1105 2632 Plinium

211 2670 289 2743 XIV,
312 2679 330 2732 3
354 2669 524 2730 conductus:
552 2676 584 2728 ut
605 2671 646 2729 ita
667 2672 767 2732 Gallus
789 2673 944 2752 desperans
966 2673 1105 2733 conditio-

212 2793 276 2834 nem
302 2770 392 2832 infimi
416 2769 554 2846 Arcadis,
588 2771 636 2854 qui
664 2779 714 2832 aut
740 2793 861 2856 manum
887 2773 1026 2853 peculium
1052 2793 1105 2834 aua

212 2895 305 2947 manu,
332 2881 382 2962 aut
403 2874 478 2935 bona
501 2874 594 2935 aliena
616 2876 782 2936 mercenarii
803 2883 853 2936 aut
873 2875 948 2936 servi
969 2875 1034 2935 loco
1056 2877 1105 2936 ad·

212 2977 400 3048 ministraret,
431 2995 501 3036 suae
533 2983 727 3056 anteponeret
775 2977 838 3038 lloc
868 2977 977 3056 quidem
1004 2976 1031 3036 si
1060 2997 1105 3058 cup

211 3077 335 3156 iniquius
358 3097 421 3138 esse
442 3078 564 3151 videtur,
586 3077 659 3138 sciat
678 3079 714 3150 is,
735 3078 765 3138 in
786 3079 908 3140 Arcadia
928 3099 985 3138 non
1002 3078 1104 3158 minus,

212 3198 294 3258 quam
317 3179 426 3238 Romae
448 3179 591 3259 antiquae,
614 3187 643 3240 et
664 3186 764 3259 postea
784 3179 813 3238 in
836 3180 947 3262 oppidis
968 3187 999 3240 et
1018 3181 1103 3262 pagis

212 3279 400 3358 incorruptis,
431 3279 531 3342 serdos
555 3282 644 3341 multo
666 3281 825 3354 liberalius,
853 3302 935 3362 quam
956 3303 1032 3343 nunc
1052 3303 1102 3342 no·

213 3385 289 3437 atros
317 3380 479 3459 plerumque
513 3381 631 3442 colonos
662 3381 849 3462 ascriptitios,
885 3383 998 3444 habitos
1027 3403 1101 3444 ease.

215 3479 356 3550 Arcades,
392 3481 596 3561 Theopompus
625 3483 655 3542 in
688 3483 828 3544 Athenaei
854 3482 907 3558 lv,
938 3494 977 3548 13
1005 3485 1099 3560 tradit,
