2444 4020
400 283 556 345 hohhus
577 281 658 356 vltl,
686 289 737 344 30.
954 294 1015 356 m

115 457 224 518 nenda
245 453 389 517 veteribus
411 459 566 533 nostroque
587 452 642 533 ipsi
662 457 765 532 politae
786 451 913 532 pluribus
929 453 958 512 in
974 454 1017 512 lu-

116 559 165 620 cis
186 557 341 628 Aeneidis,
363 555 518 638 peregrina
540 559 565 614 si
587 573 684 635 paruos
707 559 776 613 nota
798 561 903 626 ment,
925 555 1018 637 magis

118 661 230 720 idonea
251 678 315 718 esse
336 657 513 729 ridebuntur,
536 677 617 735 quarn
641 655 737 735 putida
758 655 917 737 diligentia.
963 658 1017 716 Vc·

121 761 215 843 stigio
242 766 335 820 autern
369 758 456 817 moris
485 759 568 818 istius
594 759 743 817 admodum
772 758 914 817 notabilis
942 758 1018 819 inter

123 864 255 924 Graecos
280 880 394 940 quoqne
422 861 566 920 habemus.
609 859 799 920 Athenienses
819 860 908 935 enias,
941 863 1017 940 qaod

124 958 310 1042 σχαλιαστὴς
336 961 534 1041 Aristophanis
560 960 664 1039 aliique
686 967 841 1034 testentur,
871 962 953 1022 novis
974 962 1017 1024 fa-

125 1064 283 1124 miliaribus
299 1071 331 1123 et
346 1062 447 1134 servis,
469 1063 585 1141 quando
596 1062 712 1140 primun
725 1062 908 1134 accedebant,
931 1064 1020 1123 onini-

125 1167 234 1245 busque
262 1165 390 1238 omuino,
424 1165 525 1242 quibus
552 1162 646 1222 fausta
676 1162 814 1242 principia
835 1161 1015 1242 aptabantur,

125 1287 246 1344 sponso
263 1287 375 1347 quoque
387 1272 416 1326 et
427 1283 571 1341 sponsae
582 1265 618 1323 ad
630 1263 734 1336 focum,
753 1265 917 1345 multiplicia
933 1267 1020 1326 bella·

125 1370 170 1430 ria
197 1371 233 1428 ad
260 1369 369 1448 copiam
391 1367 755 1449 ostendendamspargere
776 1367 924 1428 solebant:
947 1389 1020 1448 quae

125 1465 350 1549 καταχύσματα
368 1469 429 1530 sive
442 1467 599 1528 allusiones
610 1468 783 1546 dactylorum
799 1465 1020 1553 (palmularum),

126 1573 223 1653 operis
244 1571 364 1652 pistorii,
385 1569 488 1631 ficuum
505 1577 679 1643 storacem,
704 1571 780 1632 servi
802 1570 950 1632 domestici
971 1591 1018 1632 ra·

126 1674 252 1754 piabant.
301 1675 377 1733 Anto
411 1673 561 1732 thalamum
591 1692 706 1752 quoque
739 1673 900 1752 sponsalem
929 1674 974 1734 rel
1001 1693 1020 1733 a

126 1775 230 1855 puellis
247 1776 374 1834 Theocr.
392 1774 487 1836 XVlll
506 1775 549 1835 vel
570 1775 605 1833 ab
619 1774 910 1854 universojurentute
921 1775 1019 1857 Long.

125 1877 166 1935 lv
193 1899 222 1956 p.
252 1884 310 1937 191
335 1876 466 1954 jocosum
488 1869 744 1951 κατακοιμητικὸν
765 1895 827 1934 cunr
849 1875 969 1954 strepitu
991 1885 1022 1936 et

127 1977 253 2054 tripudiu
276 1975 440 2044 canebatur,
462 1993 585 2052 sponsos
608 1975 760 2044 advoces,
782 1993 852 2052 quus
873 1973 936 2034 fore
958 1995 1020 2036 suo

127 2076 311 2158 picabuntur,
348 2074 562 2155 opprimendas3
600 2074 670 2134 baec
698 2073 809 2148 arundo
830 2075 970 2154 aliquibus
991 2079 1021 2139 in

128 2178 200 2238 locis
222 2197 285 2238 curn
306 2177 425 2236 nucibus
447 2173 617 2256 spargendis
634 2175 720 2257 jungi
742 2183 884 2254 poterant.
1068 2250 1072 2256 ,

216 2287 266 2340 30.
310 2278 380 2336 Tibi
402 2277 510 2336 deserit
531 2277 675 2354 Hesperus
697 2277 812 2336 Oetam:
841 2276 870 2336 id
892 2284 950 2352 est,
972 2286 1023 2341 tua

129 2399 218 2442 causa
251 2377 370 2441 Lucifer
407 2378 463 2436 iste
497 2374 593 2457 (quen
625 2398 653 2438 v.
687 2387 727 2439 17
753 2378 964 2461 alloquebatur)
992 2381 1022 2441 in

130 2483 251 2542 Oriente
272 2481 308 2540 ab
331 2481 404 2540 Oeta
426 2487 519 2538 monte
540 2479 667 2551 scandit,
690 2486 731 2551 ut,
755 2480 898 2560 Hesperus
919 2465 1023 2557 lactus,

130 2584 215 2644 hodie
236 2583 349 2662 vesperi
372 2581 422 2640 tihi
445 2581 473 2639 in
493 2581 662 2640 occidentali
681 2583 762 2642 coelo
775 2591 920 2662 appareat.
963 2583 1024 2644 Lu·

132 2683 217 2758 cit'er,
241 2684 474 2764 quomadmodum
498 2683 552 2742 boc
572 2681 602 2748 in
624 2683 688 2744 loco
709 2684 854 2764 Hesperos
876 2686 957 2764 quasi
978 2685 1023 2746 fu-

131 2793 227 2858 turus,
259 2786 300 2844 itu
327 2785 402 2864 apud
429 2784 578 2842 Horatium
606 2785 632 2841 ll
658 2786 711 2844 od.
740 2793 774 2856 9,
805 2794 843 2845 10
865 2779 1024 2865 appellatur

130 2889 276 2966 Hesperus
296 2885 377 2964 qnasi
399 2885 587 2962 praeteritus:

285 3045 330 3064 -.
351 3043 588 3055 -----
623 3028 672 3066 nec
690 3013 736 3066 tibi
753 3015 872 3082 Vespero

285 3101 418 3165 Surgente
434 3097 563 3150 decedunt
579 3113 697 3162 amores,

369 3182 427 3234 Nec
443 3181 562 3250 rapidum
580 3180 699 3247 fugiente
714 3181 813 3236 Soleus.

133 3288 318 3364 Hesperus,
343 3285 445 3344 sideris
455 3285 609 3364 vespertini
621 3293 757 3366 perpetuo
771 3307 887 3348 monere
899 3288 1025 3373 iungens

133 3411 160 3452 v.
185 3395 235 3458 17,
257 3406 352 3467 saepe,
375 3387 450 3466 quod
472 3386 581 3466 opinari
602 3388 678 3460 licet,
700 3388 848 3468 sponsales
868 3392 904 3450 ud
926 3413 1026 3473 respe-
1087 3455 1091 3464 ,

136 3511 183 3551 ras
209 3487 409 3550 accelerantes
430 3487 625 3551 invocabatur.
669 3490 732 3550 lum
760 3491 876 3572 Sappho
902 3490 1024 3554 cecinitt
