2280 4022
191 185 291 298 roo,
442 227 596 288 nouom
618 229 665 294 ιν.
690 233 836 292 ³7-ss.
950 180 953 186 ’

255 405 386 473 Lugubris
402 422 484 473 regno
503 407 633 477 portendit
648 407 740 461 funera
756 407 834 474 belli;

256 492 405 560 Inceditque
422 491 503 545 fames
521 509 660 561 numquam
678 510 736 545 cunr
751 495 810 558 jura
827 496 929 546 uolente

256 577 313 629 Neo
329 577 465 640 damnum,
483 575 556 629 lestis
573 578 687 642 gaudent
704 575 872 646 hominesque
888 577 991 631 diebus.

258 659 308 712 His
324 661 432 710 multum
450 662 525 712 tellus
543 660 593 713 lert
609 660 720 726 victuro,
738 661 765 712 in
782 662 912 714 montibus
930 662 992 714 altis

260 744 376 797 Quercus
393 759 456 811 apes
472 743 572 809 medin,
596 744 703 809 glandes
720 744 797 798 habet
814 747 906 798 arbore
923 762 1039 797 mmma:

258 826 434 894 Lanigeriqne
451 843 545 892 greges
562 831 682 895 palantur
698 831 796 880 vellere
813 829 912 882 onusti:

259 909 415 975 Progeniem
432 910 542 962 similem
556 918 631 978 partu
649 911 702 965 edit
718 911 830 965 foemina
847 912 925 981 patri,

259 994 465 1062 Constanterque
482 994 556 1046 bouis
573 996 681 1059 dorent,
700 1013 749 1048 nec
765 997 873 1049 navibus
890 1011 1016 1062 umquam

257 1079 331 1147 itque
347 1078 466 1147 reditque
483 1062 581 1144 genus,
595 1078 689 1144 druges
706 1081 782 1130 tellus
799 1079 877 1131 habet
894 1082 973 1131 alma.

190 1196 356 1258 Rostrum
378 1205 439 1258 erat
460 1171 495 1256 ad
518 1199 708 1258 discutiendas
723 1200 837 1279 glebas,
860 1201 896 1259 ad
916 1200 1073 1260 runcandus

190 1299 405 1377 sarriendasque
441 1306 570 1381 segetes,
608 1319 680 1376 quae
712 1299 742 1357 in
778 1299 917 1359 distinctis
951 1299 1073 1360 versibus

190 1399 330 1457 sulcorum
351 1407 431 1457 sutae
453 1408 534 1458 eruut
555 1401 609 1458 Lb.
631 1401 663 1471 1,
695 1405 745 1460 94.
769 1405 844 1474 1553
867 1403 959 1474 fade
981 1402 1019 1458 ad
1038 1399 1073 1458 ni·

191 1506 235 1558 tes
256 1501 394 1578 putandas
415 1501 475 1559 Eoi.
498 1503 538 1572 ΙΙ,
561 1509 617 1573 70,
639 1521 713 1560 nunc
726 1507 835 1573 autem,
859 1521 943 1580 quum
964 1500 1072 1558 inutiles

189 1599 318 1678 palmites
345 1620 401 1658 non
429 1601 546 1682 amplius
568 1602 710 1674 emittent,
743 1621 779 1660 uc
800 1601 948 1682 putatione
969 1601 1073 1678 quiden

189 1706 317 1782 egentes.
360 1701 452 1759 Etiam
482 1709 571 1762 tenax
598 1702 714 1783 argilla,
747 1722 820 1781 qnae
846 1702 923 1782 prius
945 1701 1072 1781 ingentes

190 1801 290 1884 glebas
313 1797 493 1882 'subigendos
517 1803 685 1882 praebebat,
721 1808 751 1861 et
770 1803 880 1862 validos
901 1814 1021 1861 taetros
1040 1799 1072 1857 ad

190 1904 325 1980 arandum
348 1900 425 1982 (nam
446 1903 542 1964 vaccis
561 1904 651 1963 levior
666 1911 744 1962 terro
761 1899 907 1984 orabatur)
930 1909 961 1961 et
981 1901 1071 1960 robe

191 2017 277 2066 stent
299 2018 465 2064 aratorem
486 2005 648 2082 requirebat
667 2003 722 2062 Lb.
744 2007 784 2077 ΙΙ,
818 2011 887 2074 236,
915 2003 993 2060 nulla
1012 2006 1071 2080 post

79 2109 83 2117 “
189 2107 300 2166 cultura
319 2104 428 2163 fructus
449 2103 531 2162 feret.
575 2103 660 2162 Hafa.
686 2106 715 2163 C
732 2106 816 2164 babet
833 2106 904 2163 bauo
919 2104 1070 2182 pedestrem

190 2205 418 2284 compositionem
457 2205 619 2264 verborum:
664 2186 738 2264 Non
771 2211 924 2283 patience·
958 2201 1070 2262 Imm
1138 2261 1139 2268 ,

188 2319 320 2367 rastros
334 2314 363 2366 et
375 2308 507 2380 falce-re
531 2305 566 2364 B
580 2304 735 2366 robustis.
779 2307 818 2364 At
830 2306 858 2364 in
880 2305 941 2384 ipso
964 2307 1069 2364 tauris
1138 2345 1139 2364 r

188 2409 273 2468 etiam
293 2409 404 2468 roboris
419 2408 462 2468 vis
483 2407 571 2479 inest3
593 2408 642 2466 sed
654 2408 809 2466 robustus
831 2419 950 2465 arator
972 2406 1069 2464 celmn

187 2509 322 2568 rusticum
342 2508 453 2588 pingit,
476 2507 523 2584 qui
545 2514 641 2566 aratro
662 2507 776 2567 fortiter
796 2506 931 2566 incumbit
948 2507 1001 2577 ΙΙΙ,
1023 2512 1069 2564 42.

272 2608 374 2676 Molles
402 2627 512 2686 quoquc
535 2609 663 2668 Graecae
688 2629 776 2682 oves,
804 2609 934 2668 meliores
960 2607 1069 2666 meliore

189 2708 291 2788 pabulo
312 2707 419 2781 factae,
449 2709 559 2772 nativos
581 2730 648 2768 snos
670 2711 795 2781 colores,
821 2709 946 2781 fuscum,
974 2707 1070 2768 damn

188 2817 218 2868 et
239 2809 351 2872 rutilum
373 2810 428 2870 Lb.
450 2812 507 2883 ΙΙΙ,
530 2819 606 2882 386,
628 2831 680 2869 ua
690 2820 792 2889 sponte
813 2811 993 2882 ardentibus,
1015 2806 1069 2886 qui-

187 2911 239 2970 bus
260 2932 307 2971 ors
329 2910 443 2971 inlicere
465 2913 589 2982 solebat,
611 2931 766 2990 purpurae,
797 2913 889 2984 croci,
912 2911 991 2970 cocci
1016 2927 1069 2966 nn·

187 3013 287 3071 tabunt
315 3013 471 3084 coloribus,
508 3013 555 3090 qui
583 3011 767 3071 laudatissimi
793 2995 875 3072 eraut
896 3013 925 3069 iu
949 3007 1069 3087 antiqui-

186 3119 254 3174 tate.
274 3143 318 3157 -
360 3096 492 3173 Pretiosa
509 3115 667 3190 pelagia,
687 3134 844 3192 purpura
865 3113 925 3173 sive
940 3123 1069 3176 ostrum,

189 3216 289 3274 multas
300 3215 336 3272 od
352 3235 418 3272 oras
429 3215 513 3274 maris
530 3214 744 3285 mediterranei,
767 3215 850 3274 etiarn
873 3215 908 3272 ad
931 3213 1068 3271 Oceanum

188 3315 355 3384 Gaetulum,
377 3316 429 3374 sed
450 3316 569 3374 maxime
585 3315 678 3374 nitens
692 3316 767 3393 Tyri
781 3315 882 3386 fiebat,
905 3335 942 3372 ex
956 3315 1068 3390 liquore,

188 3417 235 3495 qni
256 3417 284 3474 iu
306 3417 425 3477 candida
446 3435 518 3478 veno
539 3415 732 3476 inundantes
754 3417 872 3496 plurium
895 3416 1067 3479 concharum,
