2462 4028
417 253 572 314 ECLOGA
589 253 628 325 X,
651 257 787 318 ,id-54·
978 263 1040 324 221

150 443 208 482 non
230 421 258 480 in
283 421 453 481 turbulentis
474 421 540 482 belli
562 421 734 498 tumultihus,
756 441 852 483 verum
864 422 893 481 in
905 421 1044 483 Arcadiae

150 521 332 603 quietissimis
354 523 486 596 somniis,
514 522 646 582 solatium
666 523 720 582 sibi
742 543 879 602 quaerere
899 523 976 585 vult:
1004 524 1045 584 ita

125 626 234 706 plane
256 626 348 684 anima
370 624 469 683 sitiens
493 625 577 684 unius
599 631 711 684 amatae
731 626 816 704 plena
837 632 890 684 est.
914 625 1046 686 Carrnina

149 749 213 786 mea
236 727 339 785 moduli
363 723 564 798 Chalcidice,
588 734 655 804 pust
675 723 922 802 Euphorionem
945 724 1046 786 eleal-

152 832 294 888 ca'rle‘cum
315 848 333 886 a
354 847 398 886 me
420 828 544 886 secundo
566 834 682 887 cantata
693 828 741 899 Vl,
765 834 900 899 64-73,
923 829 1046 886 colonius

152 951 209 1010 ego
237 928 339 988 inflans
366 928 539 988 arundineus
565 929 677 988 Siculi
706 934 856 1003 pastoris
885 929 1045 1002 Theocriti,

150 1031 259 1090 edicam
281 1031 303 1102 l,
327 1037 355 1090 2.
377 1031 411 1102 V,
437 1036 492 1103 143
512 1029 532 1088 i.
555 1049 581 1089 e.
603 1029 631 1087 in
644 1029 822 1092 Theocritea
843 1029 939 1107 idyllia
955 1038 1046 1089 trans-

149 1131 278 1192 formaho
300 1131 358 1190 illa.
400 1127 591 1208 Euphorio,
617 1127 775 1192 Chalcide
796 1131 931 1192 Euboeae
952 1140 1046 1204 natus,

149 1240 236 1314 potita
264 1238 327 1292 erat
355 1231 512 1292 uberrimus
533 1231 726 1292 Alexandrina
752 1238 863 1304 aetate,
890 1240 920 1292 et
947 1233 1046 1292 bihlio·

151 1336 252 1395 thecae
273 1332 435 1414 praefectus
457 1335 554 1414 magni
575 1333 717 1392 Antiochi.
761 1335 837 1393 Turn
859 1340 976 1413 propter
998 1335 1046 1394 ab·

152 1444 263 1496 strusas
279 1433 426 1506 tabulas,
464 1442 521 1493 tum
554 1434 591 1494 ob
625 1434 833 1512 eloquutioucm
865 1433 1046 1494 artificiosius

151 1542 291 1616 comptam
313 1536 450 1595 obscurus
471 1555 489 1594 a
511 1519 651 1596 Cicerone
672 1536 707 1594 dc
729 1535 804 1596 divin
827 1537 863 1608 ll,
887 1543 927 1598 64
950 1537 1046 1616 appel·
1152 1535 1154 1540 ’

150 1638 242 1712 lutus,
265 1658 282 1698 a
303 1636 423 1696 Tiberio
445 1636 518 1696 idem
540 1636 673 1716 imprimis
694 1638 850 1708 amabatur.
895 1639 1047 1704 Quintilia-

152 1759 206 1798 nus
227 1739 256 1796 X
283 1759 310 1817 p.
334 1745 411 1809 218,
439 1739 609 1810 nonnullos,
637 1738 692 1810 ait,
721 1739 766 1798 hic
795 1759 858 1798 eum
885 1727 1045 1820 al'irgilio

153 1840 337 1920 approbatum
359 1839 491 1916 credere;
514 1837 568 1916 ipsi
586 1837 676 1896 minus
689 1839 802 1918 placere
813 1839 933 1900 videtur.
956 1841 1046 1900 Plane

153 1950 248 2002 utitem
271 1941 385 2020 integra
406 1939 455 1999 vix
476 1937 565 1997 suerit
586 1939 769 2018 approbati03
792 1940 890 1999 Gallus
904 1939 986 2012 enim,
1009 1943 1046 2000 ad

153 2063 233 2122 quem
262 2040 375 2121 proprie
401 2039 526 2100 laudatio
553 2039 683 2118 respicit,
715 2039 826 2100 fabulas
852 2042 963 2122 quidem
989 2043 1046 2102 llu-

153 2142 314 2224 phorionis,
343 2143 394 2201 sed
421 2143 518 2202 colore
544 2147 731 2214 tractaverat,
765 2142 812 2220 qui
839 2141 1046 2222 simplicitatem

152 2243 297 2305 rescrebat
319 2243 435 2302 Hesiodi
457 2243 503 2315 Vl,
525 2251 580 2304 70:
609 2249 641 2301 ut
662 2243 690 2300 id
711 2251 863 2322 propterea
884 2245 1045 2316 nonnullae,

153 2345 297 2427 paululum
318 2343 495 2416 immutatae,
518 2343 599 2422 quasi
620 2343 716 2422 idyllia
738 2347 873 2424 quaedam
895 2345 1046 2405 Theocriti

153 2447 262 2507 rustice
288 2445 465 2507 conformata
494 2443 584 2506 videri
605 2453 731 2524 possent.
775 2448 827 2506 His
850 2454 943 2508 autem
965 2447 1045 2508 hlau-

154 2549 245 2622 ditiis,
272 2567 342 2626 quas
363 2548 556 2626 adsperserat,
586 2547 720 2628 Virgilius
741 2549 854 2628 saepius
871 2549 931 2630 jam
953 2550 1043 2610 amico

153 2652 235 2732 plura
256 2649 353 2728 idyllia
373 2649 481 2731 petenti
503 2647 587 2708 facile
608 2655 773 2728 responsum
799 2652 937 2710 habuerit.
981 2652 1044 2710 hlu-

154 2753 235 2812 desta
246 2751 345 2812 Gallus
367 2750 462 2811 tibiam
483 2750 538 2810 sihi
559 2750 648 2831 elegit
662 2771 707 2824 ,ex
727 2751 811 2810 unius
832 2750 914 2810 culmi
936 2751 1043 2822 tuhulu,

155 2872 261 2912 auena
283 2851 305 2924 l,
329 2859 362 2924 2,
383 2841 610 2933 significaturus,
632 2870 664 2909 se
684 2851 782 2910 modos
805 2859 912 2910 tuntum
933 2851 1044 2912 iniimus

155 2954 347 3014 Theocriteae
369 2952 492 3012 musicae
513 2953 698 3032 aequiparare
719 2953 799 3012 velle.
829 2953 958 3013 varietas
979 2974 1043 3014 me·

156 3057 289 3118 ditabor
317 3053 439 3114 manavit
465 3075 503 3114 ex
529 3056 556 3126 l,
589 3061 617 3114 2.
665 3054 787 3113 Praeter
817 3073 929 3114 carmen
960 3057 1043 3115 modo

153 3166 262 3219 tactum
292 3157 450 3216 miserabile
472 3157 570 3217 Gallus
597 3163 655 3214 tum
682 3155 814 3234 temporis
836 3157 991 3216 nullasdum
1013 3157 1042 3217 in

154 3258 280 3337 Lycorin
301 3258 410 3340 elegias
431 3257 580 3336 scripsisse
599 3256 711 3317 videtur
732 3277 757 3318 v.
780 3264 810 3330 9,
833 3277 916 3336 quum
930 3259 1043 3339 Eupho·

156 3359 247 3420 rionis
274 3366 381 3420 tantum
408 3359 437 3417 in
459 3358 582 3419 Arcadia
608 3357 717 3418 fabulas
739 3359 792 3419 sibi
813 3361 955 3420 canendas
975 3383 1042 3441 pro·

156 3469 253 3540 paura.
297 3462 411 3522 Certum
439 3465 497 3536 est,
530 3460 619 3522 turbis
641 3459 703 3520 istis
724 3461 863 3522 hominum
885 3483 912 3524 v.
935 3467 975 3524 44
997 3483 1042 3522 rc·
