2280 4022
173 256 240 320 192
419 247 573 308 ECLOGA
595 247 645 308 lv,
666 255 815 312 60-63.

172 416 294 476 Decea
325 434 452 479 meae
484 414 567 494 pleno
603 433 735 485 numero,
779 413 824 477 lio
858 415 969 494 quiden
1011 437 1072 478 reru

172 525 306 597 augente.
351 516 461 581 Quodsi
483 515 628 576 circuitum
654 516 738 576 lunoe
759 514 836 574 eirea
858 522 979 588 terram,
1022 519 1072 600 qui

171 618 281 676 XXVll
304 617 410 694 dierwn
432 623 461 675 et
476 636 566 696 paene
588 622 653 674 octo
666 616 796 679 horarum
818 622 878 688 est,
900 617 1070 699 intelligere

171 719 271 778 lioeret
292 713 445 796 (mensem
472 719 625 778 lunarem
643 715 879 795 periodioumlt
924 719 1069 797 ejusmodi

172 819 267 877 decern
311 836 422 876 menses
463 817 577 877 lunares
619 817 808 898 qnadraginta
842 817 1068 880 hebdomadibus

171 917 350 999 graviditutis
371 917 591 996 complebantur.
634 919 737 978 Verum
759 919 881 976 Romani
903 918 932 976 in
955 919 1013 978 lrao
1035 939 1067 980 ro

171 1026 280 1099 tempus
316 1018 527 1098 oornputabont¹
549 1020 584 1078 ab
618 1017 767 1078 interlunio
800 1019 837 1078 ad
871 1019 1065 1093 interlunium,

171 1141 253 1200 quum
275 1121 342 1180 luna
363 1125 428 1199 post
453 1119 554 1178 XXlX
575 1119 635 1178 dies
657 1125 688 1180 et
708 1139 797 1200 poene
818 1118 955 1178 tredecim
977 1120 1064 1180 horae

171 1222 199 1280 in
222 1222 324 1282 coitum
352 1221 515 1300 prodeuntis
541 1219 610 1278 solia
637 1220 711 1280 redit
732 1217 884 1300 (menam
906 1223 1064 1304 lunarem

170 1320 392 1403 cynodieoml:
416 1340 502 1399 quare
524 1326 636 1399 portus,
664 1320 688 1380 ai
710 1327 843 1380 ooourute
864 1321 958 1394 dieas,
988 1322 1063 1380 intra

171 1423 306 1482 decimum
327 1441 448 1480 mensem
475 1422 600 1480 lunorenr
621 1419 717 1480 fiebat.
767 1421 948 1492 lidorum,
978 1423 1060 1482 modo

171 1523 341 1593 afferebant,
371 1529 482 1582 veteres
511 1522 691 1582 Grammatioi
714 1528 743 1582 et
764 1522 828 1580 libri
849 1522 947 1600 scripti
969 1542 1061 1603 agno·

171 1629 262 1682 suunt.
305 1622 403 1680 Nostri
422 1623 566 1690 luminae,
589 1622 637 1700 qui
659 1643 756 1702 purum
774 1623 918 1694 sciebant,
942 1624 1060 1682 mediani

170 1723 303 1800 syllohom
325 1721 441 1802 antiquo
463 1723 692 1801 pronuntiatione
720 1723 824 1802 corripi
844 1722 952 1802 posse,
986 1724 1058 1800 quod

170 1843 262 1905 genus
274 1834 501 1902 steteruntque
523 1842 633 1884 comae
643 1825 714 1882 Aen.
737 1824 778 1898 ll,
801 1829 863 1885 774
887 1831 916 1882 et
927 1823 1058 1882 Terentii

169 1926 199 1984 in
226 1927 299 1984 Ilua.
331 1927 420 1999 prol.
451 1932 492 1986 20
519 1934 669 1984 emerant
694 1925 722 1984 in
750 1924 831 1984 exitu
858 1925 964 1983 senarii
988 1926 1057 2004 jarn-

170 2026 241 2106 bioi,
264 2028 409 2086 tulerint
427 2025 472 2088 uel
505 2025 659 2086 tulerant
692 2025 851 2096 mutabant,
884 2024 1053 2086 llnfnieneea

170 2148 290 2208 qnoque.
768 2129 780 2140 “

176 2236 183 2252 ’
253 2229 316 2310 Agr
345 2226 423 2298 dum,
461 2227 544 2306 puer!
580 2227 683 2286 ridenti
710 2227 792 2286 matri
818 2233 850 2286 ut
879 2227 1054 2309 intelligente

168 2331 228 2390 risu
249 2329 434 2409 respondeas!
478 2329 549 2386 Nom
571 2335 676 2388 eertum
693 2335 752 2399 est,
774 2328 896 2407 propitio
918 2329 973 2388 (leo
993 2348 1053 2408 pro·

168 2433 293 2512 pitioqne
314 2431 368 2488 ‹leo
390 2436 500 2498 natum,
522 2429 550 2488 io
573 2435 632 2500 est,
653 2427 763 2488 felicem
781 2427 938 2507 fortemque
953 2437 1052 2502 namn,

167 2535 243 2592 laeto
265 2537 295 2588 te
315 2530 373 2586 risu
395 2550 413 2589 a
435 2529 597 2618 parentibus
609 2529 759 2588 salutatum
781 2529 830 2588 iri!
854 2562 896 2577 --
938 2530 1052 2590 Politice

166 2633 195 2691 id
217 2648 395 2688 conversum:
439 2629 566 2687 'lantum
594 2629 620 2688 ei
648 2633 751 2708 puero,
780 2649 861 2709 quem
889 2632 1051 2710 adportant

166 2731 259 2794 vocati
282 2729 319 2788 ‹lii
340 2728 544 2810 neglexerunt,
568 2749 585 2788 a
606 2731 769 2808 parentibus
791 2750 847 2790 non
861 2731 982 2790 arrisum
1002 2737 1051 2790 erl.

166 2832 312 2892 Nobilibus
333 2831 427 2910 pueris
450 2830 547 2901 editis,
570 2831 766 2910 Philargyrius
787 2839 817 2892 et
838 2832 972 2903 Servius,
995 2832 1050 2909 qni·

166 2936 218 2994 bue
241 2934 268 2992 in
290 2933 334 2992 lris
355 2932 439 2991 rebus
459 2938 538 2990 recta
559 2930 630 2990 fides
651 2932 785 3005 liabetur,
823 2939 956 2992 auctores
979 2939 1050 3003 sunt,

166 3035 194 3093 io
226 3039 334 3105 atrio,
369 3033 443 3110 quod
466 3033 618 3090 sacrarium
647 3040 724 3093 esset
753 3033 907 3112 privatum,
942 3041 1052 3113 praeter

166 3137 285 3195 lectum
305 3134 434 3192 Iunoni
455 3131 625 3204 Motene,
650 3153 721 3210 quoe
743 3133 878 3212 partubus
897 3141 1050 3212 praeesset,

165 3243 296 3307 stratum,
318 3233 462 3312 Herculi
479 3250 604 3312 quoque,
627 3235 680 3292 deo
699 3232 887 3305 fortitudinis,
909 3254 1051 3294 munau

164 3335 284 3416 positam
307 3353 383 3394 esse:
417 3333 544 3394 nimirum
571 3335 619 3414 qui
645 3333 794 3406 infantem,
824 3335 1050 3413 quomadmodum

165 3435 276 3495 Horatii
296 3435 471 3514 Melpomene
493 3443 656 3495 nascentem
678 3442 804 3514 poetam,
833 3437 974 3496 marculae
995 3435 1048 3496 vir·
