2340 4036
188 336 255 399 ror
395 287 401 296 ⁵
435 325 590 389 ueuocn
610 329 659 388 ur.
682 331 830 392 ao-co,

189 495 326 576 accipitur
357 497 537 576 permissum,
571 503 603 556 et
629 496 768 574 superbus
792 495 924 560 vincitur.
975 497 1095 578 injuria

188 597 244 656 nisi
259 617 315 676 qua
337 605 404 656 ante
427 597 534 670 fuerat,
562 597 767 670 decernebant,
790 615 872 675 quem
896 598 1013 676 quisque
1041 619 1090 658 se-

18 708 23 717 “
136 769 139 772 ¹
188 706 344 778 queretur,
368 699 413 759 vel
436 699 606 768 brabeutae,
634 698 658 755 si
684 698 848 776 quieceret,
878 699 1001 778 jndicio,
1040 699 1090 760 vel

189 807 282 869 sorte,
305 800 444 859 interdum
467 800 564 880 digitis
585 799 723 858 micantes
745 795 844 878 (carp.
866 800 901 872 li,
922 796 999 879 25);
1034 789 1090 858 aut

189 901 279 960 libera
307 898 439 980 pactione
461 901 500 974 V,
525 909 573 960 10.
631 899 777 962 Vicinam
803 900 904 958 blande
927 899 1089 958 Damoetas

189 999 387 1060 Palaemonem
405 1008 502 1072 vocat,
525 1021 617 1078 neque
631 1001 770 1080 justitiam
793 999 828 1058 ab
848 1020 882 1058 eo
905 1001 990 1080 petit,
1012 1001 1091 1059 baec

190 1085 458 1180 quidem‘opinio'ne
484 1102 668 1180 praecipitum
704 1102 769 1172 sed,
796 1109 828 1158 ut
851 1121 934 1179 quam
962 1101 1090 1160 maxime

189 1203 318 1262 intendat
345 1203 479 1282 animum,
513 1204 622 1280 qualem
647 1214 776 1262 tantum
806 1202 954 1261 discrimen
983 1207 1014 1260 et
1039 1203 1090 1260 cui

148 1338 159 1353 κ
190 1315 288 1364 tanta
312 1308 538 1381 oppignerata
560 1303 680 1374 fuerint,
701 1323 765 1360 eum
785 1303 919 1380 requirat.

203 1445 205 1451 ι
275 1410 419 1464 55-59.
463 1404 632 1475 Palaemon,
663 1423 747 1482 quum
770 1404 924 1464 adveniens
946 1403 1090 1461 arbitrum

189 1523 221 1564 se
244 1504 348 1563 dictum
378 1503 472 1575 audit,
504 1506 615 1582 quaerit
640 1505 768 1564 nimirum
791 1506 826 1563 de
850 1505 963 1564 ratione
989 1511 1087 1562 certa-

189 1605 285 1676 minis,
309 1613 338 1664 et
354 1624 426 1682 quae
446 1606 570 1684 praemia
588 1606 734 1684 proposita
753 1604 824 1664 sint:
849 1625 903 1683 quo
926 1603 1088 1663 saetacum

185 1705 338 1788 juvenibus
360 1705 389 1764 in
411 1707 498 1766 herba
523 1707 659 1779 considit,
691 1714 720 1765 et
743 1707 884 1792 ordinem,
906 1725 961 1784 quo
985 1724 1018 1763 se
1038 1724 1088 1763 ca-

190 1815 291 1866 nentes
311 1808 469 1886 excipiant,
497 1809 580 1888 juste‘
598 1808 767 1866 moderatur.
812 1807 895 1872 Quod
915 1806 970 1884 ipsi
991 1825 1088 1864 rerum

190 1909 383 1990 intelligentes
406 1909 459 1968 sibi
478 1909 654 1990 cogitatione
673 1906 803 1988 fingunt,
826 1907 854 1965 id
876 1905 971 1965 omisit
990 1913 1087 1985 poetis,

190 2010 253 2088 qni,
281 2011 324 2070 uti
346 2011 481 2070 Horatius
497 1997 544 2070 Ἀ.
567 2009 605 2069 Ρ.
634 2015 709 2080 148,
737 2008 875 2087 Apollinis
904 2016 1087 2087 praeceptum

191 2111 296 2169 audiit:

257 2227 368 2294 Semper
384 2227 417 2278 ad
436 2231 555 2278 eventum
572 2225 677 2280 festinat
695 2227 721 2278 et
738 2225 766 2278 in
784 2224 883 2278 medias
900 2241 953 2291 res,

256 2311 318 2362 Non
335 2327 410 2364 secas
427 2327 458 2363 aa
476 2317 564 2376 notas,
584 2309 728 2363 auditorem
744 2309 826 2378 rapit3
845 2316 957 2378 ecquae

257 2396 386 2462 Desperat
402 2400 511 2448 bucata
527 2395 655 2448 nitescere
673 2411 767 2463 posse,
785 2393 918 2461 relinquit.

192 2516 279 2574 Verni
308 2515 441 2594 temporis
473 2512 567 2574 brevis
595 2513 771 2574 adumbratio
800 2533 895 2573 merus
923 2520 959 2572 et
991 2512 1088 2572 suavis

191 2637 323 2674 sonorum
343 2623 496 2676 concentus
521 2623 580 2686 cst,
608 2617 705 2674 mixtis
725 2615 886 2686 vocalibus,
909 2613 1029 2695 quaein
1053 2613 1088 2670 li-

190 2717 289 2796 quidas
313 2713 361 2796 (l,
381 2737 426 2788 m,
450 2735 488 2788 ra,
511 2714 549 2797 r)
574 2724 765 2776 consonantes
792 2694 913 2788 exeunt,
944 2723 974 2774 et
997 2713 1088 2773 modis

190 2826 256 2898 apte
276 2818 454 2897 compositis,
478 2835 594 2894 quorum
613 2819 820 2900 longitudinum
843 2818 965 2877 tarditas
986 2815 1089 2876 leniter

190 2919 261 2980 fluit.
305 2921 370 3000 lpse
391 2917 534 3000 agricola,
558 2919 638 2998 eujus
659 2920 710 2978 sub
726 2921 837 2980 mitiore
860 2920 942 2978 coelo
961 2917 1089 2976 mitiores

190 3041 291 3081 sensus
315 3029 382 3079 sunt
404 3028 433 3079 et
456 3021 548 3102 magis
573 3019 700 3093 servent,
730 3019 779 3080 ubi
802 3041 859 3080 non
885 3019 1090 3099 superstitione

191 3143 209 3182 a
234 3123 392 3192 monacbis,
427 3121 566 3181 servitute
590 3123 626 3180 ab
651 3122 832 3200 optimatibus
856 3121 954 3182 fervor
980 3119 1090 3181 exstin-

191 3225 304 3306 guitur,
341 3223 417 3283 veris
441 3223 664 3298 similitudinem,
703 3224 778 3302 quod
801 3223 914 3282 Plinius
936 3222 1021 3293 XVl,
1046 3227 1087 3282 39

193 3325 275 3396 dicit,
313 3324 424 3403 poetice
455 3324 507 3383 sibi
534 3333 633 3404 partus
666 3324 790 3405 imagine
818 3323 931 3405 lingere
963 3322 1088 3381 solebat:

194 3447 291 3486 mense
312 3425 468 3486 Februario
492 3446 576 3504 quum
595 3425 711 3504 primum
736 3425 849 3504 tepidus
865 3423 1009 3486 Favonius
1034 3429 1091 3482 ter·

195 3549 255 3588 ram
274 3529 439 3598 resolveret,
462 3527 653 3586 catulitionem
671 3526 699 3583 id
718 3525 892 3604 appellabat3
914 3532 1097 3604 conceptum,
