2340 4036
323 275 478 352 nonnus
501 273 547 334 rr.
572 283 717 338 11—17.
905 283 970 344 ror
1018 263 1024 272 ’

73 445 177 523 aliquis
196 442 337 522 Apollinis
353 443 517 514 averrunci,
540 443 646 504 labanti
667 443 785 522 imperio
808 443 969 502 beatitatem

73 545 214 619 Saturni,
242 543 405 604 servitutem
432 565 489 603 non
512 545 646 614 amantis,
680 541 789 602 referre
810 544 968 606 videbatur.

80 646 235 723 Vectigio
264 646 369 705 veteris
396 653 426 706 et
452 645 481 703 in
511 645 571 704 dies
604 644 786 726 augescentis
820 645 968 717 sceleris,

73 746 149 806 sorte
171 746 305 816 residua,
326 765 399 824 quac
419 747 563 825 imperium
577 748 733 804 Romanum
756 744 898 825 (terras,
923 763 970 804 οι·-

73 847 135 906 bem
157 854 299 906 terrarum
320 867 361 908 v..
375 844 427 926 17)
447 860 615 926 perpetua
627 849 815 921 formidine
832 847 890 906 irae
905 841 970 904 coe-

73 948 154 1006 lestis
175 949 357 1028 premebant,
385 957 499 1027 prueter
526 949 623 1008 turbas
651 950 686 1008 dc
709 949 789 1030 agris
811 947 969 1008 dividendis

73 1050 156 1108 modo
186 1038 318 1120 sedatus,
348 1051 448 1127 quibus
475 1050 535 1128 ipse
564 1049 703 1128 Virgilius
726 1049 867 1126 praedium
889 1069 969 1107 suum

74 1150 228 1221 amiserat,
249 1149 379 1210 facinora
401 1149 484 1207 Sexti
507 1148 635 1228 Pompcji
657 1149 791 1227 imprimis
810 1157 890 1220 aunt,
913 1149 969 1227 qui,

75 1252 203 1329 quamvis
235 1249 361 1308 Antonio
388 1250 524 1310 auxilium
547 1250 658 1308 tulisset
680 1257 710 1308 ct
731 1249 886 1310 Octaviano
908 1247 970 1308 offi-

74 1352 117 1410 nis
139 1359 237 1424 esset,
259 1351 337 1430 pacis
356 1351 544 1410 Brundisinae
556 1370 675 1429 expers,
698 1369 774 1410 more
790 1351 970 1428 'l'yrrlrenum

74 1453 195 1512 novibus
219 1453 280 1511 suis
300 1450 433 1511 infestum
455 1452 591 1526 reddidit,
615 1459 644 1510 et
665 1451 739 1512 fame
759 1453 899 1524 laboranti
911 1445 970 1510 lta·

73 1553 128 1612 liae
159 1560 335 1614 ‘commeatus
362 1553 528 1614 interclusit.
571 1555 631 1613 llas
657 1573 769 1632 quoque
797 1553 971 1612 miseriarum

75 1655 226 1734 reliquias,
255 1661 284 1713 et
310 1653 445 1714 credibile
474 1661 537 1714 orat
575 1663 605 1714 ct
637 1656 804 1734 sperabant,
841 1653 971 1712 Pollione

74 1756 168 1815 adhue
196 1755 314 1815 consule
336 1756 457 1814 deletum
479 1756 530 1816 iri:
564 1740 729 1834 quamquam
751 1755 881 1834 proximo
902 1773 971 1815 vere

76 1858 215 1916 tumultus
237 1843 345 1915 demum
373 1859 482 1916 Romae
504 1865 623 1916 exortus
651 1857 832 1917 Triumviros
859 1856 895 1914 ad
921 1875 971 1934 pa·

75 1957 202 2019 ctionem
229 1957 418 2017 Misenensem
437 1959 549 2039 coligit,
573 1965 719 2036 postquam
742 1957 834 2014 l'ollic
857 1955 908 2014 snb
930 1955 971 2034 ip·

75 2077 136 2115 sum
160 2057 245 2117 finem
268 2060 350 2138 nujus
372 2059 440 2117 anni
463 2059 611 2118 consulatu
634 2078 666 2116 se
687 2057 877 2117 abdicaverat.

208 2161 285 2217 lnter
319 2162 371 2217 lros
407 2161 549 2231 honines,
593 2159 726 2237 paulatim
754 2179 772 2218 a
802 2159 911 2217 scelera
943 2163 972 2215 et

75 2259 141 2316 diro
178 2259 293 2316 numine
323 2259 476 2328 liberatos,
510 2259 545 2316 ad
580 2266 689 2336 partum
712 2259 820 2318 ricinos
842 2261 918 2329 ille,
944 2257 973 2316 id

76 2365 125 2416 est
147 2357 322 2416 Polliones
335 2358 456 2430 filim,
485 2357 638 2442 Saturniae
666 2357 809 2416 beatitatis
835 2357 972 2415 cumulum

75 2458 201 2530 videbit;
224 2465 253 2516 et
272 2459 384 2517 Heron
406 2456 498 2516 factus
520 2457 668 2516 Semideus
689 2477 751 2518 cunr
773 2458 835 2516 uliis
851 2458 973 2518 Herod·

78 2559 157 2631 bus,
181 2559 331 2618 Deorum
342 2559 417 2618 inter
438 2558 603 2618 familiarem
626 2560 828 2638 praesentiant,
851 2579 973 2618 summos

51 2713 56 2726 ,
79 2660 114 2718 ad
137 2662 227 2740 patris
249 2662 405 2739 exemplum
427 2669 544 2739 pacatae
567 2661 736 2739 reipublicae
757 2662 880 2722 bonores
902 2681 972 2720 nan-

81 2761 212 2822 ciscetur.
257 2763 420 2822 Divinam
447 2763 567 2841 aliquam
603 2767 706 2820 uttam
732 2745 849 2822 aurene'
870 2761 973 2821 aetatis

82 2863 222 2922 llcsiodus
244 2883 355 2941 quoquc
377 2885 399 2922 ε.
423 2885 450 2922 κ.
473 2886 502 2942 η.
529 2872 586 2924 112
610 2863 727 2922 cecinit:

149 2962 255 3015 Securis
273 2961 365 3013 animis
382 2962 449 3014 vitas
466 2961 580 3014 habuere
597 2951 714 3024 deorum,

30 3061 32 3068 ’
86 3089 90 3098 .
148 3049 235 3115 Atque
252 3045 327 3098 labor
344 3048 434 3112 procul
451 3051 529 3112 atque
546 3035 699 3106 aerumnae,
718 3044 789 3096 nulla
805 3045 925 3096 senectus

150 3131 300 3198 Obrepebat
319 3129 401 3194 iners3
419 3129 537 3182 manibus
555 3128 652 3196 pariter
669 3126 829 3194 pedibusque

149 3213 249 3280 integri
266 3213 400 3266 instituere
418 3215 511 3280 dapes3
533 3211 684 3279 damnisque
701 3217 828 3276 carentes,

151 3301 187 3352 Et
204 3297 327 3365 gregibus
345 3297 427 3362 dites,
447 3295 512 3348 divis
530 3293 635 3362 cariquc
651 3294 733 3347 beatis

151 3381 271 3434 Tandem
289 3380 378 3434 obiere
395 3379 479 3443 diem,
499 3393 590 3430 somno
608 3383 637 3430 nt
653 3377 723 3431 vinti.

89 3469 155 3528 Cum
179 3468 223 3528 hir
251 3468 408 3528 bominibus
435 3475 491 3527 tam
521 3454 720 3527 innocentibus
743 3467 793 3526 dtr·
814 3469 978 3544 praesenter
