2380 4028
184 258 234 324 116
324 291 326 296 =
433 248 588 312 ECLOGA
609 249 657 322 Vi,
677 254 831 312 76-77.

187 419 332 489 Avernus,
361 416 510 478 Eridsnns.
553 418 638 486 ouon
659 419 749 498 msjus
770 415 821 489 sit,
855 415 987 504 tirpbens
1011 417 1089 478 nb-

189 519 380 602 dititiusrbrg.
403 527 484 582 1134
505 526 622 600 propter
633 520 774 580 tieeanum
780 561 791 592 ,
812 537 868 596 qua
888 517 925 578 ab
942 517 1085 580 nentem

189 625 244 680 tem
266 621 353 680 sulen
374 627 404 680 et
430 622 467 682 ad
493 619 708 702 septemtriones
734 626 861 700 spectat,
892 619 979 698 ipsam
1001 619 1082 678 fler·

187 721 316 782 minnism
337 723 459 803 reperit,
482 743 570 804 prope
591 723 626 782 ab
647 741 698 793 eo,
719 721 844 800 quitum
864 728 941 792 eret,
962 720 1001 780 ed
1021 721 1083 788 or.

187 844 248 884 cunr
270 823 359 886 aditu.
408 825 504 891 Quare
529 823 596 903 quid
623 823 737 894 mirum,
765 823 854 901 quod,
884 841 940 900 qua
967 829 1082 896 aetate,

187 943 271 1004 quom
291 925 403 1006 saepius
424 926 490 986 titus
511 925 674 1007 Argolicum
702 923 820 986 nasibus
846 923 986 997 adiretur,
1027 923 1083 985 ui·

187 1047 256 1088 soen
277 1029 374 1108 Seyiln
395 1026 521 1088 biformis
536 1029 627 1088 looum
649 1045 730 1088 suum
755 1014 822 1084 nnn'
835 1024 1078 1104 ampliustenere

188 1137 300 1210 posset,
322 1131 423 1214 potine
443 1129 529 1208 aliqui
551 1129 579 1188 in
601 1127 731 1188 fabuloso
753 1125 837 1186 etiam
858 1133 915 1184 tum
936 1124 1013 1186 freto
1027 1125 1077 1186 Si·

187 1231 270 1292 eiiiae
291 1253 352 1292 eam
374 1231 534 1311 posuerint:
565 1229 666 1308 partim
687 1228 715 1288 in
737 1225 841 1290 vicinia
862 1247 949 1306 prope
971 1227 1080 1288 Hone-

188 1333 274 1391 rieam
295 1331 381 1394 filiam
402 1332 575 1404 custumiis,
596 1331 657 1392 sive
678 1329 863 1410 posteriorem
879 1328 1080 1407 Pboreynids3
1181 1407 1182 1410 Ἴ

155 1516 161 1525 ,
188 1432 289 1511 partim
305 1433 388 1494 etiam
405 1454 455 1512 pro
472 1433 529 1492 iila.
561 1433 588 1492 A
605 1432 686 1505 Niso,
709 1430 990 1492 comminiscebantur
1007 1438 1076 1504 tun,

187 1541 341 1602 monstrum
363 1534 503 1614 originem
529 1533 661 1605 duxisse,
685 1532 785 1612 ,quom
821 1531 981 1611 oppositum
1003 1533 1079 1592 cos-
1182 1619 1183 1622 Ἴ

187 1633 284 1710 rybdis
304 1634 431 1722 gurgiti,
459 1634 700 1714 praetervehentis
722 1633 831 1714 Ulyssis
860 1633 977 1694 comites
1005 1653 1078 1694 nos-

187 1732 280 1792 uulios
300 1735 417 1796 omnibus
439 1735 498 1798 suis
520 1735 757 1816 sueningentibus,
771 1734 977 1796 diieeersverit.
1029 1767 1032 1776 v

272 1843 428 1919 nnn-77.
472 1837 708 1906 Quemadmodum
729 1837 800 1896 bsee
821 1835 883 1915 ipss
904 1838 1026 1916 Scylla
1043 1841 1077 1896 et
1183 1879 1184 1886 ,

188 1935 302 2019 origine
322 1946 353 1998 et
373 1937 464 2000 forma
484 1959 537 2000 sua
558 1939 593 1998 ab
615 1937 763 2000 Homerios
784 1937 939 2016 discrepat,
967 1938 1010 1998 ita
1028 1957 1073 1998 re·

187 2037 281 2118 liqune
303 2060 413 2121 quoque
435 2049 530 2121 partes
551 2035 672 2100 fabulae.
715 2039 785 2098 Nam
807 2039 973 2100 Homerieus
989 2041 1075 2119 Uips-

187 2159 235 2200 ses
262 2161 354 2222 neque
379 2144 520 2224 regnabat
543 2137 714 2210 Dulichii,
747 2159 877 2218 aeques
898 2141 1073 2221 laestrygo-

188 2242 271 2304 nibus
293 2244 355 2322 pius
376 2249 507 2320 osricum
528 2263 641 2304 maneos
662 2248 834 2324 servaverat.
877 2239 1076 2302 Dulichium

189 2363 227 2403 ex
248 2344 347 2404 insutis
367 2347 555 2408 Eobinadibus
576 2346 611 2405 ad
632 2344 758 2404 limosum
779 2343 880 2404 ostium
892 2344 1020 2404 aarum
1042 2345 1076 2406 11.

188 2446 225 2515 ΙΙ,
245 2452 305 2506 635
320 2455 396 2517 erat,
418 2467 533 2524 quamn
549 2447 677 2525 princeps
689 2446 793 2526 Meges
805 2465 866 2504 eum
882 2445 1075 2526 quadraginta

189 2545 306 2603 navibus
327 2546 493 2626 adTrojern
511 2545 758 2625 proficiscebatur,
780 2565 862 2625 quum
877 2546 1008 2626 prinneps
1020 2548 1074 2608 Ge·

187 2643 358 2724 pbaiienine,
391 2646 523 2723 Ulysses,
555 2642 701 2706 duodecim
722 2667 778 2707 non
807 2648 923 2726 amplius
946 2649 1074 2710 baberet

188 2747 252 2826 lpse
269 2745 430 2806 Herodotus
446 2747 481 2818 ΙΙ,
507 2756 546 2809 10
562 2747 678 2808 aiteram
694 2756 800 2828 partem
817 2749 990 2810 Eoirinadurs
1004 2750 1070 2810 iimo

188 2855 311 2932 aggesto
333 2869 395 2910 eum
420 2849 581 2916 continenti¹
604 2856 682 2912 terra
707 2851 897 2912 continuatam
923 2851 1008 2926 sidit,
1041 2857 1073 2912 et

188 2953 370 3032 Thucydides
391 2960 552 3014 cunctarum
573 2951 652 3014 brevi
672 2949 810 3032 tempore
826 2952 942 3012 similem
965 2961 1072 3016 sortem

186 3054 308 3116 suturam
330 3056 479 3135 praedixit.
522 3056 598 3116 inter
615 3055 718 3135 primas
731 3051 928 3116 Dulichium
945 3057 1071 3128 Homeri,

187 3159 275 3228 tritici
302 3156 384 3216 ferax
417 3164 446 3218 et
472 3158 635 3228 herbosum,
672 3157 752 3237 cujus
778 3157 983 3239 quinquaginta
1013 3159 1070 3218 duo

188 3260 325 3320 nobiles
311 3277 432 3339 juvenes
442 3259 605 3340 Penelopen
621 3259 795 3331 ambiebant,
817 3259 976 3322 accrevisse
993 3259 1070 3321 rit·-

187 3366 244 3422 tur
286 3360 389 3422 Strabo
410 3359 484 3421 enim
504 3361 583 3441 Xp.
604 3366 666 3424 tas
687 3361 823 3444 reliquas,
854 3379 927 3440 quse
948 3361 1067 3441 quinque

188 3461 232 3524 vel
253 3459 409 3540 quindecim
434 3461 574 3524 stadiisi.
596 3483 622 3524 e.
649 3463 725 3524 intrs
750 3455 890 3568 dimidium
910 3463 1066 3524 milliarin-
