2340 4036
180 277 244 342 llo
426 267 579 327 tumult
603 263 651 326 ΙΙΙ.
673 263 820 358 idv-'ss'l'li

145 487 146 494 ,
180 442 276 507 eraut,
303 435 370 512 Ep.
399 432 506 514 Myth.
530 435 571 505 ll,
594 441 636 494 10
661 431 801 493 ferebant.
849 433 926 494 Suae
959 445 1073 516 queque

187 538 301 600 Veneri
322 536 381 596 sive
404 536 557 612 Cythereae,
591 535 728 592 Galateae
755 535 837 594 dulee
857 535 978 608 ridenti,
1013 537 1073 596 Da-

179 644 288 696 moetas
308 635 431 694 fumeum
445 653 554 693 sacrum
576 635 669 692 anima
691 635 830 715 elegerat.
874 636 965 694 stalli
987 638 1073 696 made

179 711 245 809 vll,
268 746 307 798 63
330 735 464 813 Phyllidi,
498 735 600 814 quippe
622 737 706 806 deae,
737 736 849 794 aurulas
877 745 1072 797 cousecratur.

180 839 314 898 Columba
347 835 483 896 silvestris
516 837 620 914 major,
658 837 790 896 caeruleo
825 837 922 895 colore
956 838 1072 908 cineris,

180 939 259 1008 albo,
293 935 343 1014 qui
367 937 466 1004 callum
494 935 594 1006 arabit,
628 935 733 994 circulo
760 936 882 1016 iusignia
904 944 963 1009 est,
995 939 1074 997 uude

176 1037 349 1116 palumbes
370 1037 430 1096 sive
449 1037 626 1113 palumbae
647 1047 836 1115 torquatus,
863 1055 981 1116 gurra,
1002 1039 1072 1098 diei·

179 1148 242 1211 tur3
270 1145 362 1198 terras
384 1143 473 1196 mutat
493 1157 599 1195 messes
621 1155 757 1214 sequeus,
781 1143 810 1196 et
831 1138 859 1195 iu
880 1140 966 1196 alte'e
988 1139 1071 1198 arbo·

179 1239 256 1300 ribus
278 1245 307 1297 et
328 1237 406 1295 rimis
424 1237 533 1314 rupium
556 1235 638 1294 nidos
660 1235 745 1308 saeit3
771 1235 866 1294 faetus
879 1245 955 1316 =pust
975 1239 1072 1297 eulati-

131 1312 133 1318 Ι
178 1339 247 1396 tium
269 1337 431 1416 eapielr'atur
453 1344 482 1395 et
492 1336 678 1415 saginabatur
699 1343 750 1394 aut
770 1336 974 1396 mausuefialrat
984 1340 1005 1409 l,
1019 1347 1070 1400 5&

49 1511 51 1516 Α
177 1437 273 1496 Haeo
290 1421 459 1511 palmalis
481 1437 616 1516 Virgilius
638 1455 723 1494 ausus
745 1443 790 1494 est
810 1453 862 1515 pru
883 1433 954 1512 bie,
980 1440 1070 1504 euin-

178 1538 219 1596 til.
235 1537 256 1608 l,
280 1544 308 1606 6,
332 1545 360 1596 2.
403 1534 540 1609 Ae're'ue,
565 1555 637 1613 quae
658 1537 716 1595 alte
737 1535 892 1609 nidificant,
915 1555 973 1597 nou
996 1557 1071 1618 quae

141 1653 144 1656 ·
178 1637 303 1695 aetherio
320 1635 416 1693 colare
432 1645 505 1694 sunt.
552 1637 751 1714 congerere,
762 1677 765 1684 -
774 1637 903 1716 gerendo
921 1638 1070 1719 colligere,

178 1741 303 1805 struere,
326 1753 425 1812 nempe
446 1736 549 1795 nidum.

261 1841 410 1896 70-71.
452 1836 639 1896 Adversarius
660 1842 781 1896 umatum
802 1853 918 1914 puerum
936 1838 997 1916 jem
1019 1839 1069 1897 du-

179 1934 266 2010 rarit,
288 1941 317 1993 et
331 1933 446 1992 donabit
458 1937 583 2014 amplius.
626 1937 704 1994 Haec
716 1953 827 2014 quoque
849 1937 945 2017 imago
959 1939 1069 2010 eadem,

178 2039 234 2112 qua
254 2035 348 2113 prior,
370 2035 575 2112 pulchritudine
596 2035 745 2094 Theocriti
767 2037 881 2108 est'lll,
905 2046 960 2098 10:

244 2149 328 2216 ane,
347 2149 436 2200 decem
453 2147 500 2200 tibi
516 2151 585 2202 mala
601 2148 674 2214 sero,
693 2164 760 2217 quae
777 2156 866 2218 carpta
882 2156 998 2220 reporto,

243 2231 319 2283 Unde
336 2230 382 2283 tihi
398 2231 496 2298 placuit
513 2231 597 2300 earpi3
607 2235 673 2286 'eras
690 2233 771 2285 altera
788 2235 896 2288 mittam.

81 2381 90 2390 ,
176 2331 320 2394 Picturam
357 2333 518 2394 excitavere
556 2335 729 2396 lueooritus
769 2337 877 2414 quidem
914 2337 1066 2420 adjiciens,

176 2435 347 2512 Amaryllida
373 2435 432 2513 jam
459 2435 628 2514 gestientem
661 2435 801 2494 desideria
828 2437 902 2496 mala
928 2446 1066 2500 matures·

175 2535 270 2592 euntia
294 2533 348 2592 sibi
374 2533 511 2613 elegisse;
546 2535 682 2617 Virgilius
709 2543 802 2598 autem
823 2537 988 2618 diligentius
1015 2541 1064 2600 de-

175 2632 301 2692 scribens
317 2633 404 2691 ‘mala
437 2640 466 2692 at
499 2635 632 2694 candida
650 2642 766 2715 pectore
798 2637 923 2698 adderet
970 2640 1068 2708 Quod

171 2736 286 2808 pomi:
317 2751 405 2813 aegre
426 2740 524 2812 pastor
556 2736 585 2794 iu
607 2756 740 2796 cacumen
769 2738 878 2797 arboris
905 2741 1063 2813 adscendit,

173 2849 261 2911 aegre
289 2831 383 2891 decem
410 2841 520 2893 matura
545 2837 671 2914 reperire
697 2837 807 2914 patule
839 2845 870 2897 et
896 2851 959 2898 eras
980 2843 1064 2919 plura

172 2929 287 3010 iamper
306 2940 527 2992 maturuerunt.
571 2935 696 2992 Callidus
707 2936 800 3013 pietur
821 2939 904 2998 rebus
926 2961 1063 3019 praeuen-

172 3029 246 3088 tibus
267 3034 421 3109 praeterita
447 3033 527 3090 simul
560 3039 592 3092 at
615 3035 711 3094 firtura
738 3037 932 3099 demonstrat.-
967 3041 1067 3110 Quod

167 3135 266 3205 potui
287 3138 317 3189 et
337 3133 392 3192 vim
414 3133 622 3210 comprehendit
643 3135 790 3196 scribendo
813 3141 958 3217 depravati
980 3156 1065 3220 quot

171 3238 201 3287 et
231 3231 325 3308 plura3
356 3251 428 3290 uuus
459 3248 496 3290 ex
524 3233 602 3292 libris
630 3233 831 3296 Hafuieusibus
862 3239 947 3300 habet
976 3245 1065 3320 quid

170 3330 259 3407 prima
279 3351 370 3390 mauu.
413 3332 530 3394 Aurea
550 3339 730 3395 ruadmunt
750 3323 871 3414 eydeuia
892 3340 954 3402 siva
974 3361 1061 3421 parua

170 3449 207 3489 ex
228 3432 318 3510 Pyro
342 3434 493 3512 Cydam
513 3434 556 3496 L.
579 3437 620 3507 ll,
643 3441 698 3509 51,
721 3457 837 3515 quorum
865 3440 982 3500 alterum
1003 3459 1058 3522 ge·
