2462 4028
395 261 549 323 ECLOGA
571 263 616 336 X,
641 269 774 326 26-30.
964 275 1027 339 91!

134 431 268 492 adhibent
290 431 451 491 baculorum
472 432 509 491 ad
529 451 619 505 usum,
641 440 670 490 et
690 433 843 492 secundum
862 434 1044 519 salisiani,-

133 555 162 612 p.
176 539 216 594 24
228 533 264 592 ad
279 533 392 592 chortes
404 551 516 612 quoque
527 534 626 608 oviles,
647 535 743 607 sellas,
766 535 918 616 gallinaria
928 543 958 594 et
978 556 1026 596 ca·
1117 578 1122 592 .

133 653 218 706 veas,
248 639 278 694 et
303 634 466 706 medullam,
495 637 725 714 quemadmodum
746 637 811 695 olim
832 637 1029 709 Prometheus,

133 735 171 794 od
192 733 325 794 sonitem.
363 735 493 796 biliam
515 739 623 812 majos
646 739 683 808 ll,
707 741 757 811 tt,
779 739 855 816 quood
877 739 1046 798 secundum·

133 835 255 896 Plinium
284 837 320 896 ad
349 837 524 897 altitudinem
551 859 637 919 saepe
664 839 794 918 pervenit
815 839 898 898 trium
920 841 1028 899 cubito-

133 957 205 1012 rum,
227 945 258 997 et
279 937 308 996 in
329 937 413 998 ltalia
434 959 518 998 rosae
540 959 635 998 comes
657 947 710 1011 est,
731 938 817 999 floret
838 948 919 1000 trans
941 961 1027 1012 mere,

134 1039 210 1117 quod
231 1037 343 1097 Plinius
365 1059 403 1098 ex
414 1039 616 1120 Theophrasto
638 1041 746 1110 retulit,
769 1060 831 1100 cnm
853 1060 942 1102 verno
964 1061 1028 1101 ner-

133 1140 226 1213 ciss03
248 1139 288 1202 cf.
309 1161 338 1200 u.
361 1147 411 1201 20.
434 1147 486 1202 46.

220 1248 355 1303 26-30.
398 1243 462 1320 lpse
483 1242 568 1314 Pan,
593 1249 732 1323 regnator
746 1241 895 1314 Arcadiae,
916 1242 953 1301 ad
974 1263 1028 1302 nos

133 1341 229 1414 vonit,
261 1361 428 1422 quamquam
459 1343 504 1403 bic
531 1344 580 1404 vix
606 1344 678 1404 alias
708 1343 874 1403 mortalibus
899 1353 1028 1423 apparet.

132 1442 221 1518 Ipsi,
244 1445 343 1504 Gallus
365 1449 395 1504 ot
416 1465 474 1526 ego
494 1465 522 1507 v.
546 1453 595 1518 16,
616 1445 728 1505 rubram
751 1445 812 1525 ejus
834 1444 935 1505 faciem
956 1446 1027 1506 sidi-

132 1563 204 1617 mus,
227 1552 257 1604 et
278 1545 364 1608 verba
385 1547 447 1628 ejus
468 1546 634 1607 audiuimus.
655 1547 681 1604 A
701 1547 795 1608 Pano
811 1547 847 1618 ll,
870 1555 908 1607 31
932 1545 1028 1626 perol·

132 1644 232 1706 liciose
253 1645 283 1706 id
305 1654 397 1708 acham
419 1655 491 1721 erat,
513 1655 545 1706 nt
566 1647 723 1727 hospitibus
745 1648 821 1706 cultu
839 1667 871 1707 se
885 1667 938 1706 suo
951 1647 1026 1708 festo

134 1748 299 1821 exbiberot3
326 1767 408 1826 quum
436 1751 511 1828 apud
532 1749 718 1808 Theocritum
745 1767 783 1808 ne
804 1749 945 1826 Daphnidi
966 1749 1027 1828 qui-

133 1849 205 1920 dem,
228 1847 276 1925 qui
297 1848 333 1920 ei,
356 1849 410 1908 (leo
422 1869 475 1908 suo
490 1848 615 1919 tutelari,
637 1847 760 1906 fistulam
773 1849 891 1928 legabat
902 1851 1026 1908 moriens

132 1951 156 2021 l,
181 1955 253 2009 12³.
277 1955 347 2020 128,
369 1969 431 2008 cum
452 1949 556 2008 solatio
567 1951 690 2022 adesset,
712 1956 883 2026 propterque
895 1949 1026 2009 immitem

133 2057 263 2110 naturam
284 2069 364 2109 snam
385 2069 404 2109 a
424 2049 584 2130 pastoribus
605 2047 838 2110 mlormidaretur
858 2051 881 2125 l,
907 2059 961 2112 17:
1080 2057 1082 2064 ‘

233 2193 269 2204 -
285 2193 320 2205 -
336 2171 370 2205 -'
387 2193 423 2208 -
439 2167 488 2220 Est
504 2165 528 2218 is
545 2167 663 2233 acerbus,

232 2249 298 2304 Bilis
314 2266 418 2320 semper
435 2250 460 2304 ei
474 2249 624 2318 residetque
640 2249 668 2304 in
683 2248 789 2308 ombus
806 2247 883 2302 acris.

132 2369 255 2432 asora
273 2374 386 2461 facie,
416 2369 506 2449 qualis
531 2370 590 2444 hic,
621 2369 650 2428 in
664 2369 737 2430 ‘lata
759 2366 941 2448 expositione
961 2367 1025 2429 Silii

132 2474 211 2550 Xlll,
235 2481 297 2536 382
318 2474 381 2534 Pan
402 2471 591 2552 conspicitur:

230 2607 271 2659 Ac
286 2623 367 2675 parva
384 2609 521 2674 erumpunt
537 2605 680 2658 rubicunda
696 2621 793 2659 cornua
809 2605 904 2660 fronte.

132 2728 224 2788 Plane
257 2729 391 2788 rubentes
425 2728 578 2788 secundum
614 2726 762 2784 Horatium
789 2725 802 2781 l
832 2728 894 2782 Sat.
925 2730 960 2793 8,
992 2729 1021 2796 5,

132 2827 259 2887 Ovidium
280 2832 369 2902 fast.
393 2829 446 2899 Vl,
470 2837 529 2890 333
552 2825 650 2904 Priapi
675 2831 758 2884 erant
779 2823 917 2908 imagines
937 2821 1023 2880 rusti-

132 2947 200 3000 cae3
231 2937 260 2988 et
281 2929 378 3006 Satyri
398 2927 537 2986 rubebant
557 2926 692 2985 Philostr.
715 2929 797 2984 icem.
819 2927 848 2995 l,
872 2932 927 2996 203
950 2924 1022 2982 Bac·
1108 2979 1114 2988 ,
1226 3001 1228 3022 Ι

133 3029 201 3087 chus
227 3047 338 3108 qnoque
364 3027 393 3084 in
422 3026 514 3107 signis
541 3026 684 3086 veteribus
710 3025 797 3084 Pons.
819 3025 870 3082 Vll
899 3047 926 3104 p.
948 3028 1020 3086 452.

132 3130 198 3186 Vlll
219 3151 247 3208 p.
270 3135 345 3190 520:
367 3127 397 3184 in
419 3147 469 3186 ore
490 3127 562 3186 idem
585 3134 614 3186 ct
635 3127 728 3184 Diana
749 3125 871 3206 llpbesio
891 3125 921 3184 in
942 3131 1020 3186 vete-

131 3231 210 3290 ribus
232 3249 269 3288 ex
290 3230 370 3310 ligno
392 3227 483 3308 signis
505 3229 591 3288 Paos.
615 3229 640 3286 ll
661 3251 689 3308 p.
712 3235 767 3299 88,
796 3229 910 3306 leoque,
933 3247 1019 3308 argu-

100 3363 104 3372 ‚
130 3337 252 3391 mentum
275 3330 377 3390 Rocchi
398 3325 544 3412 Frugiferi
564 3330 670 3390 Arnob.
693 3329 730 3388 Vl
751 3353 780 3410 p.
804 3337 864 3392 196
879 3327 918 3410 ο).
950 3329 1018 3392 Joui

197 3496 224 3563 ⁶)
243 3503 412 3566 argumentum
428 3495 519 3550 eudem
535 3493 637 3549 dioenh
654 3500 791 3564 potestate,
810 3509 861 3623 <pop
877 3493 945 3597 ppud
963 3493 1018 3546 Pli-
