2444 4020
223 300 289 367 183
484 279 660 352 'Effluet
680 289 732 366 lx,
756 261 893 353 oo-ot.

220 458 310 524 lebria
328 459 442 537 lateque
464 457 617 536 conspicua
640 458 677 529 V,
700 463 757 529 40,
787 463 834 529 ut,
861 455 939 535 quod
963 457 1060 517 Varro
1082 461 1121 517 de

221 561 308 639 ling.
330 562 390 619 lat.
412 560 451 630 V,
472 581 500 638 p.
513 565 554 619 64
576 559 622 618 ed.
644 558 708 636 Bip.
730 558 786 629 ait,
817 563 1040 636 praetereuntes
1060 578 1120 616 mo·

221 666 339 731 nerent,
359 665 448 718 semet
468 657 573 730 tuisse,
595 664 625 717 et
646 657 703 716 illis
725 663 842 716 mortem
863 657 984 718 instare.
1029 658 1118 716 Bia-

220 780 295 830 mor,
326 760 401 836 quod
428 759 545 819 Servius
567 757 698 833 tradidit,
727 757 861 836 principis
888 758 1007 816 Etrusci
1037 757 1120 818 Occi

219 859 280 919 sive
300 858 412 918 Auens·
434 877 592 939 cognomen
620 865 698 930 erat,
726 855 777 916 lilii
797 877 836 916 ex
857 857 1000 916 Tiberino
1022 865 1117 940 patre,

219 955 319 1030 fluvio,
342 966 372 1018 et
393 960 490 1018 ltlunto
512 957 643 1030 fatidica,
670 958 717 1037 qui
739 958 884 1017 blannia-
905 958 967 1019 sive
990 958 1122 1018 condidit

220 1059 280 1120 sive
301 1059 432 1130 munivit,
454 1059 525 1117 Aea.
543 1059 588 1130 X,
614 1066 689 1131 1983
711 1077 794 1136 quam
813 1077 917 1139 vagum
938 1057 1039 1118 famam
1063 1079 1119 1137 po·

220 1161 361 1239 pnlurem,
393 1161 492 1238 quales
518 1178 615 1217 omnes
641 1165 708 1217 sunt
729 1159 855 1238 ejusdem
886 1158 1019 1238 generis,
1050 1178 1115 1218 cum

223 1261 327 1321 Servio
356 1260 557 1329 tamenssato
583 1278 694 1337 quoque
722 1259 751 1316 in
778 1257 944 1338 Originibus
975 1259 1114 1338 suscepit,

218 1361 378 1433 lllantuam,
411 1361 507 1420 dicens
544 1361 618 1438 opud
652 1359 786 1430 Cerdnm,
825 1357 910 1418 Ocno
944 1359 1112 1430 Bianoro,

218 1462 345 1539 principe
366 1463 497 1534 Etrusco,
520 1461 750 1524 conditorem,
772 1459 894 1518 nominis
915 1460 1111 1519 celebritatem

217 1567 328 1618 nautum
351 1581 425 1620 esse.
469 1563 657 1640 Stringcre,
679 1561 794 1631 rodere,
815 1561 963 1631 abradere,
985 1580 1111 1638 corpere,

217 1660 345 1718 tondere.
388 1661 451 1718 Hac
471 1661 580 1736 quidem
603 1668 746 1738 postremo
759 1667 902 1740 potestate
913 1661 1022 1719 Nonius
1033 1661 1111 1718 lllar·

217 1759 305 1818 cellos
325 1758 354 1816 id
375 1758 478 1838 accipit
499 1765 529 1817 et
549 1759 595 1818 bic
616 1767 646 1818 et
666 1762 721 1821 Lb.
743 1762 784 1833 ll,
807 1769 883 1836 368,
905 1765 1109 1835 rarefacere,

217 1862 398 1921 excindere
419 1861 448 1918 id
469 1861 688 1939 interpretetus,
711 1862 729 1922 i.
745 1882 771 1922 e.
785 1869 879 1921 obrem
891 1862 1050 1932 immittere,
1071 1861 1109 1920 ed

216 1967 311 2022 clinem
339 1961 539 2021 immittendum
566 1981 713 2021 exsecare.
766 1964 866 2023 Sermo
901 1969 946 2022 est
972 1963 1046 2022 enim
1072 1962 1109 2020 de

216 2063 343 2123 sectione
369 2062 511 2122 frondium
539 2059 745 2142 (frondem)
774 2063 949 2123 vitiferarum
975 2063 1109 2121 arborum

217 2159 401 2244 (arbusta),
423 2164 524 2241 quibus
545 2163 673 2244 agricola
694 2162 773 2222 edic
782 2163 946 2244 longissimo
967 2163 1003 2221 ad
1025 2181 1108 2221 men·
1206 2149 1207 2178 ³

216 2282 275 2322 sem
298 2283 388 2342 usque
409 2264 568 2345 Augustum
590 2270 641 2323 aut
661 2281 759 2334 mane,
786 2269 851 2335 aut,
878 2265 952 2342 quod
971 2263 1031 2336 bic,
1056 2263 1109 2322 sub

214 2384 362 2442 vesperum
384 2370 498 2424 teneres
519 2361 649 2436 frondes,
677 2383 749 2442 quae
770 2365 985 2436 obumbrarent,
1008 2365 1108 2424 deton-

212 2463 310 2534 tcbut,
332 2465 368 2522 ad
389 2466 519 2541 pabulum
541 2485 590 2524 eas
611 2465 746 2524 adhibeas
769 2467 791 2536 l,
814 2471 865 2527 57.
905 2464 1027 2536 Pabulo,
1053 2463 1109 2523 l’li.
1205 2475 1206 2480 ¹

212 2561 276 2618 nius
297 2561 388 2639 inquit
408 2563 517 2634 xvssl,
540 2570 595 2635 68,
617 2565 683 2624 ulmi
705 2562 773 2623 solie
794 2570 938 2644 stringis
960 2565 980 2625 i.
993 2585 1018 2624 e.
1041 2572 1106 2623 ton·

213 2662 273 2720 dos.
327 2661 482 2720 Columella
502 2669 581 2722 vetat
602 2665 642 2735 V,
672 2672 706 2736 6,
737 2673 791 2736 16,
819 2685 854 2724 ne
884 2667 949 2745 quis
977 2665 1106 2748 germina

213 2759 382 2844 (pollices)
406 2763 450 2825 vel
472 2762 554 2821 nimis
576 2763 740 2842 promittat,
770 2766 813 2827 vel
839 2766 922 2824 nimis
950 2785 1039 2846 prope
1061 2777 1104 2826 ra⁵
1204 2807 1205 2814 ι

212 2883 273 2925 mos
295 2866 433 2925 decurtet.
482 2864 569 2923 lubet
590 2884 701 2943 quoque
723 2866 892 2946 Calpurnius
914 2867 955 2945 V,
986 2874 1048 2939 99,
1076 2866 1105 2924 in

212 2967 352 3030 vindemia
373 2965 521 3026 arboribus
542 2966 578 3024 ad
599 2965 729 3044 pabulum
752 2967 781 3024 in
803 2967 920 3026 hiemem
940 2966 1046 3026 laetius

278 3107 313 3120 -
329 3109 363 3122 ·-
379 3109 414 3122 -
430 3087 532 3136 teneros
553 3080 700 3133 summatim
716 3080 844 3147 stringere
869 3081 900 3148 (ι’.
918 3097 940 3132 e.
958 3080 1104 3148 detondere)
1174 3073 1180 3094 ⁸

776 3181 864 3231 virgas

210 3269 348 3329 Demeae
361 3225 520 3340 frondes,
542 3269 642 3348 quibus
663 3288 735 3330 uvae
755 3268 784 3328 iu
801 3267 977 3329 altitudinem
999 3287 1102 3348 repen-

211 3371 255 3422 tes
281 3366 396 3425 liberari
425 3368 544 3440 debent,
578 3368 787 3430 frondationem
817 3369 913 3440 istam,
948 3387 1021 3446 quac
1048 3367 1100 3426 sub

210 3463 314 3521 mensis
323 3465 447 3544 Augusti
468 3464 555 3527 tiebat
576 3468 667 3545 initio,
690 3469 781 3552 magis
798 3487 978 3571 communem.
993 3473 1099 3528 testan·
1202 3505 1203 3585 p
