2412 4028
353 236 507 302 ECLOGA
530 235 564 296 ll.
589 239 737 300 nti-39.
951 239 997 306 dt

106 417 190 490 eaput
220 413 368 468 cornutum
395 408 448 466 boc
476 404 558 466 titulo
580 400 820 479 ΣΥΡΑΚΟΣῙ,
857 402 887 464 iu
908 403 999 464 alteru

107 512 180 572 iutra
207 528 342 570 coronam
368 505 514 568 frondeum
540 507 614 568 banc
639 505 762 566 flandum
790 524 890 568 novem
917 505 998 565 tedio·

107 633 181 683 ram,
214 629 287 689 quoe
308 607 384 668 infru
409 627 551 687 supraque
577 607 717 670 vinculum
739 606 844 688 cingit,
873 607 999 688 longitut-

108 715 171 772 diue
192 710 360 790 aequalium.
403 709 490 768 Exitu
511 707 601 790 igitur
613 707 763 787 inaequali
783 709 899 770 solutio
918 709 998 770 Sicu·

108 814 194 881 lorum
223 817 367 890 pantorum
388 828 505 878 occeano
532 815 578 868 eut
602 829 735 870 nouorum
761 810 871 889 aliquo·
891 813 1000 893 gradus

109 913 251 986 effecerit3
279 930 343 970 uum
363 931 416 990 pro
437 909 553 970 rudibus
574 929 611 970 ex
633 911 770 970 ammdiue
791 912 906 973 calonia
927 909 1000 993 (κα-

108 1012 233 1095 λιιμιιι),
264 1012 368 1072 Pollux
400 1017 501 1070 uuctor
528 1017 588 1081 est,
624 1010 848 1073 artificioaiorem
877 1012 1000 1074 fistulam

109 1113 181 1176 fictio
203 1135 221 1174 e
242 1112 317 1172 tubis
339 1105 457 1192 (αὖλιιι)
479 1109 661 1188 compositam
681 1110 785 1186 bricam
807 1119 839 1171 et
851 1113 1001 1174 Tbeocriti

109 1215 139 1274 iu
160 1216 182 1274 l.
199 1215 237 1274 id.
258 1220 362 1276 ι.129
384 1211 513 1290 llopbuio
533 1209 655 1270 medan
675 1213 761 1272 babet
781 1231 848 1273 ccro
863 1216 1001 1294 junctum,

110 1335 177 1395 uana
198 1315 300 1391 χειλιις
326 1305 466 1385 ἱλικιαν,
502 1331 576 1390 quae
601 1312 677 1372 circa
706 1313 809 1372 labium
838 1313 1000 1376 inflectitur.

110 1415 163 1476 dlii
183 1415 297 1476 listulas
317 1414 371 1474 uibi
386 1411 550 1474 efficiebant
570 1413 675 1486 decem,
697 1415 746 1474 olii
762 1415 899 1491 undecim,
921 1419 1001 1496 quiu-

110 1518 199 1578 decim
221 1517 267 1578 vel
288 1514 372 1575 unico
393 1521 424 1574 et
445 1514 548 1595 viginti
568 1535 736 1587 munerun,
769 1535 886 1595 quarum
907 1537 1002 1578 unme-

110 1639 183 1692 rom,
208 1623 292 1678 eraut
312 1616 496 1695 interpretat,
517 1615 565 1694 qui
585 1622 618 1674 ut
638 1616 796 1676 minuerent
816 1624 922 1680 temere
943 1627 1002 1679 utu-

110 1721 216 1782 debunt
238 1717 408 1798 (Wemd.
427 1703 516 1790 potr.
538 1721 615 1776 urin.
636 1717 672 1788 ll,
693 1739 721 1797 p.
743 1717 835 1800 384);
863 1721 1003 1800 Polyphe-

110 1841 169 1880 muo
191 1819 285 1881 Ovidii
306 1820 387 1878 Met.
405 1817 484 1888 Xlll,
500 1823 562 1878 784
584 1817 667 1876 ctiam
689 1825 799 1878 centum
821 1821 1003 1880 muudioibuo

110 1929 225 1981 montes
246 1926 276 1978 ct
295 1919 386 1978 undas
408 1918 601 1996 percrepnbat.
645 1919 822 1979 luterumoae
843 1921 879 1979 ad
900 1921 1003 1980 Narem

112 2017 235 2102 (Termi)
259 2018 450 2099 Stollbergiuo
471 2019 574 2078 Comes
600 2016 722 2078 fistulam
743 2021 875 2080 audiebat
901 2040 953 2080 aex
975 2028 1006 2080 et

110 2121 218 2204 viginti
239 2121 423 2190 calamorum,
450 2117 512 2196 qui,
544 2119 678 2178 aecxics
699 2118 760 2179 fere
782 2121 874 2202 digiti
894 2121 1004 2200 pollicit

111 2223 161 2284 vix
183 2219 329 2280 adonius
356 2217 561 2295 longitudinem
582 2218 792 2290 decrescenten,
823 2222 901 2281 nulla
928 2241 1004 2293 cera,

109 2322 171 2381 filis
195 2317 285 2396 aptati
307 2322 402 2386 eraut,
433 2315 519 2374 etad
540 2315 613 2373 ictus
634 2317 758 2376 citharae
778 2320 902 2380 novitiae
922 2323 1006 2380 ltalo·

113 2441 176 2482 rum
200 2415 391 2498 (blundelinc)
413 2412 517 2486 inflati,
550 2436 607 2474 uon
629 2416 779 2496 injucunde
800 2419 836 2478 ed
857 2420 932 2500 ajon,
959 2420 1007 2500 qni

115 2520 214 2601 procul
236 2524 313 2588 erat,
347 2537 432 2578 aurea
452 2516 606 2588 nocebant,
638 2518 782 2596 aliquanto
802 2521 947 2603 argutiua,
980 2521 1006 2582 ui

116 2641 205 2702 prope
225 2617 390 2679 accedebas.
433 2618 495 2678 lloc
515 2619 742 2697 symphoniacum
762 2621 910 2692 silvestre,
931 2623 1007 2700 quod

119 2723 194 2784 dictu
214 2719 286 2780 artie
306 2717 444 2780 varietate
465 2727 578 2778 unctum
598 2727 675 2791 crat,
703 2727 736 2780 ut
756 2722 874 2802 elegant
894 2721 1008 2799 taleque

120 2821 279 2891 efficerent,
313 2825 346 2877 nt
366 2826 444 2878 recte
466 2825 496 2878 et
522 2819 686 2898 simpliciter
706 2828 837 2893 sonaret,
871 2821 955 2899 idque
975 2827 1008 2880 ut

121 2923 244 2984 suaviter
265 2918 414 2980 inderent:
436 2920 507 2979 buco
526 2940 574 2979 reo
595 2921 827 2980 exercitationem
847 2921 1009 2998 requirebat

123 3029 153 3082 et
172 3021 348 3092 facultatem,
381 3040 463 3099 quam
484 3040 542 3078 non
569 3021 683 3080 cuilibet
709 3028 839 3100 postero
860 3019 1009 3082 'l'beocriti

122 3122 205 3184 facile
230 3122 431 3182 concedebant.
480 3121 597 3181 Manilio
623 3123 779 3201 Abtrologo
806 3128 923 3183 auctore
948 3121 1008 3180 dol·

125 3223 233 3284 nimime
260 3223 289 3280 id
314 3221 394 3282 inllat
419 3228 527 3301 pastor,
554 3220 602 3298 qui
629 3221 682 3278 aab
707 3220 803 3280 haedis
831 3221 1008 3282 nascebatur.

125 3325 255 3384 bloocbuo
273 3323 321 3393 ΙΙΙ,
340 3331 379 3386 83
398 3323 496 3382 laudat
508 3321 608 3390 Biooa,
628 3320 676 3398 qui
694 3328 791 3399 pastor
808 3319 918 3380 fiutulae
934 3327 1008 3380 ιῑιιι-
1131 3317 1133 3324 ’

128 3425 208 3484 uerit.
251 3424 289 3484 llt
305 3423 333 3482 io
348 3422 446 3484 lliouin
463 3419 589 3499 reliquiis
608 3420 782 3501 vituperatur
798 3420 914 3500 aliquia,
935 3416 1010 3496 quod
