<?xml version="1.0" encoding="UTF-8"?>
<!DOCTYPE html PUBLIC "-//W3C//DTD XHTML 1.0 Transitional//EN"
    "http://www.w3.org/TR/xhtml1/DTD/xhtml1-transitional.dtd">
<html xmlns="http://www.w3.org/1999/xhtml" xml:lang="en" lang="en">
 <head>
  <title>
</title>
<meta http-equiv="Content-Type" content="text/html;charset=utf-8" />
  <meta name='ocr-system' content='tesseract 3.04.00' />
  <meta name='ocr-capabilities' content='ocr_page ocr_carea ocr_par ocr_line ocrx_word'/>
</head>
<body>
  <div class='ocr_page' id='page_1' title='image "./commentariivirg00vossgoog_0466.png"; bbox 0 0 2462 4028; ppageno 0'>
   <div class='ocr_carea' id='block_1_1' title="bbox 403 248 1035 323">
    <p class='ocr_par' dir='ltr' id='par_1_1' title="bbox 403 248 1035 323">
     <span class='ocr_line' id='line_1_1' title="bbox 403 248 1035 323; baseline 0.019 -15"><span class='ocrx_word' id='word_1_1' title='bbox 403 249 558 310; x_wconf 73' lang='lat' dir='ltr'><strong>ucuuao</strong></span> <span class='ocrx_word' id='word_1_2' title='bbox 578 248 616 323; x_wconf 87' lang='lat' dir='ltr'><strong>X,</strong></span> <span class='ocrx_word' id='word_1_3' title='bbox 641 255 774 312; x_wconf 74' lang='lat'><strong>21—23.</strong></span> <span class='ocrx_word' id='word_1_4' title='bbox 968 256 1035 322; x_wconf 77' lang='lat'><strong>207</strong></span> 
     </span>
    </p>
   </div>
   <div class='ocr_carea' id='block_1_2' title="bbox 143 416 1036 1007">
    <p class='ocr_par' dir='ltr' id='par_1_2' title="bbox 143 416 1036 1007">
     <span class='ocr_line' id='line_1_2' title="bbox 145 416 1035 497; baseline 0.003 -20"><span class='ocrx_word' id='word_1_5' title='bbox 145 419 204 478; x_wconf 90' lang='lat' dir='ltr'><strong>lilia</strong></span> <span class='ocrx_word' id='word_1_6' title='bbox 216 418 323 479; x_wconf 84' lang='lat' dir='ltr'><strong>Silvani</strong></span> <span class='ocrx_word' id='word_1_7' title='bbox 345 440 371 478; x_wconf 89' lang='lat' dir='ltr'><strong>v.</strong></span> <span class='ocrx_word' id='word_1_8' title='bbox 385 423 424 480; x_wconf 75' lang='lat'><strong>25</strong></span> <span class='ocrx_word' id='word_1_9' title='bbox 447 418 580 490; x_wconf 82' lang='lat' dir='ltr'><strong>iudicant,</strong></span> <span class='ocrx_word' id='word_1_10' title='bbox 603 425 633 477; x_wconf 90' lang='lat' dir='ltr'><strong>et</strong></span> <span class='ocrx_word' id='word_1_11' title='bbox 649 416 760 479; x_wconf 80' lang='lat' dir='ltr'><strong>Gallica</strong></span> <span class='ocrx_word' id='word_1_12' title='bbox 776 417 920 497; x_wconf 78' lang='lat' dir='ltr'><strong>expeditio</strong></span> <span class='ocrx_word' id='word_1_13' title='bbox 941 439 968 478; x_wconf 85' lang='lat' dir='ltr'><strong>v.</strong></span> <span class='ocrx_word' id='word_1_14' title='bbox 984 423 1035 490; x_wconf 79' lang='lat'><strong>46,</strong></span> 
     </span>
     <span class='ocr_line' id='line_1_3' title="bbox 145 519 1036 600; baseline 0 -20"><span class='ocrx_word' id='word_1_15' title='bbox 145 521 221 580; x_wconf 89' lang='lat' dir='ltr'><strong>uude</strong></span> <span class='ocrx_word' id='word_1_16' title='bbox 242 519 370 600; x_wconf 78' lang='lat' dir='ltr'><strong>Agrippa</strong></span> <span class='ocrx_word' id='word_1_17' title='bbox 400 521 453 580; x_wconf 87' lang='lat' dir='ltr'><strong>buc</strong></span> <span class='ocrx_word' id='word_1_18' title='bbox 478 519 541 600; x_wconf 75' lang='lat' dir='ltr'><strong>ipra</strong></span> <span class='ocrx_word' id='word_1_19' title='bbox 566 526 676 580; x_wconf 78' lang='lat' dir='ltr'><strong>aestate</strong></span> <span class='ocrx_word' id='word_1_20' title='bbox 702 519 796 580; x_wconf 91' lang='lat' dir='ltr'><strong>rediit.</strong></span> <span class='ocrx_word' id='word_1_21' title='bbox 840 519 950 586; x_wconf 72' lang='lat' dir='ltr'><strong>Quodsi</strong></span> <span class='ocrx_word' id='word_1_22' title='bbox 975 520 1036 580; x_wconf 81' lang='lat' dir='ltr'><strong>ble-</strong></span> 
     </span>
     <span class='ocr_line' id='line_1_4' title="bbox 143 621 1035 702; baseline 0.001 -22"><span class='ocrx_word' id='word_1_23' title='bbox 143 623 251 695; x_wconf 80' lang='lat' dir='ltr'><strong>ualcar,</strong></span> <span class='ocrx_word' id='word_1_24' title='bbox 273 622 348 700; x_wconf 89' lang='lat' dir='ltr'><strong>quod</strong></span> <span class='ocrx_word' id='word_1_25' title='bbox 370 622 489 684; x_wconf 79' lang='lat' dir='ltr'><strong>Servius</strong></span> <span class='ocrx_word' id='word_1_26' title='bbox 510 621 667 702; x_wconf 74' lang='lat' dir='ltr'><strong>proposuit,</strong></span> <span class='ocrx_word' id='word_1_27' title='bbox 687 621 808 702; x_wconf 78' lang='lat' dir='ltr'>glandes</span> <span class='ocrx_word' id='word_1_28' title='bbox 830 621 914 680; x_wconf 83' lang='lat' dir='ltr'><strong>lrabct</strong></span> <span class='ocrx_word' id='word_1_29' title='bbox 936 622 972 680; x_wconf 91' lang='lat' dir='ltr'><strong>ad</strong></span> <span class='ocrx_word' id='word_1_30' title='bbox 993 621 1035 682; x_wconf 89' lang='lat' dir='ltr'><strong>bi·</strong></span> 
     </span>
     <span class='ocr_line' id='line_1_5' title="bbox 145 723 1034 805; baseline 0 -23"><span class='ocrx_word' id='word_1_31' title='bbox 145 724 261 782; x_wconf 86' lang='lat' dir='ltr'><strong>bcruum</strong></span> <span class='ocrx_word' id='word_1_32' title='bbox 289 723 420 802; x_wconf 91' lang='lat' dir='ltr'><strong>pabulum</strong></span> <span class='ocrx_word' id='word_1_33' title='bbox 449 723 640 805; x_wconf 80' lang='lat' dir='ltr'><strong>colligendas;</strong></span> <span class='ocrx_word' id='word_1_34' title='bbox 665 727 719 784; x_wconf 83' lang='lat' dir='ltr'><strong>aut</strong></span> <span class='ocrx_word' id='word_1_35' title='bbox 747 729 791 782; x_wconf 81' lang='lat' dir='ltr'><strong>eat</strong></span> <span class='ocrx_word' id='word_1_36' title='bbox 817 730 983 782; x_wconf 80' lang='lat' dir='ltr'><strong>auctumuuu</strong></span> <span class='ocrx_word' id='word_1_37' title='bbox 1003 723 1034 784; x_wconf 91' lang='lat' dir='ltr'><strong>io</strong></span> 
     </span>
     <span class='ocr_line' id='line_1_6' title="bbox 145 823 1034 907; baseline 0.002 -25"><span class='ocrx_word' id='word_1_38' title='bbox 145 825 262 884; x_wconf 78' lang='lat' dir='ltr'><strong>hiemem</strong></span> <span class='ocrx_word' id='word_1_39' title='bbox 282 844 406 906; x_wconf 85' lang='lat' dir='ltr'><strong>vergeua</strong></span> <span class='ocrx_word' id='word_1_40' title='bbox 428 831 478 885; x_wconf 90' lang='lat' dir='ltr'><strong>aut</strong></span> <span class='ocrx_word' id='word_1_41' title='bbox 498 823 560 904; x_wconf 83' lang='lat' dir='ltr'><strong>ipra</strong></span> <span class='ocrx_word' id='word_1_42' title='bbox 580 825 678 896; x_wconf 74' lang='lat' dir='ltr'><strong>bieme,</strong></span> <span class='ocrx_word' id='word_1_43' title='bbox 699 828 815 902; x_wconf 81' lang='lat' dir='ltr'><strong>totaque</strong></span> <span class='ocrx_word' id='word_1_44' title='bbox 837 825 939 907; x_wconf 77' lang='lat' dir='ltr'><strong>ecloga</strong></span> <span class='ocrx_word' id='word_1_45' title='bbox 954 844 1034 887; x_wconf 81' lang='lat' dir='ltr'><strong>ever·</strong></span> 
     </span>
     <span class='ocr_line' id='line_1_7' title="bbox 144 924 1033 1007; baseline 0.002 -23"><span class='ocrx_word' id='word_1_46' title='bbox 144 926 223 986; x_wconf 82' lang='lat' dir='ltr'><strong>titur.</strong></span> <span class='ocrx_word' id='word_1_47' title='bbox 271 924 376 986; x_wconf 80' lang='lat' dir='ltr'><strong>Uuida</strong></span> <span class='ocrx_word' id='word_1_48' title='bbox 396 939 486 987; x_wconf 75' lang='lat' dir='ltr'><strong>certe</strong></span> <span class='ocrx_word' id='word_1_49' title='bbox 507 926 639 986; x_wconf 78' lang='lat' dir='ltr'><strong>eubuleus</strong></span> <span class='ocrx_word' id='word_1_50' title='bbox 665 945 684 984; x_wconf 88' lang='lat' dir='ltr'><strong>a</strong></span> <span class='ocrx_word' id='word_1_51' title='bbox 703 946 797 1007; x_wconf 79' lang='lat' dir='ltr'><strong>grege</strong></span> <span class='ocrx_word' id='word_1_52' title='bbox 817 927 892 985; x_wconf 91' lang='lat' dir='ltr'><strong>redit</strong></span> <span class='ocrx_word' id='word_1_53' title='bbox 913 947 930 984; x_wconf 89' lang='lat' dir='ltr'><strong>e</strong></span> <span class='ocrx_word' id='word_1_54' title='bbox 951 946 1033 1005; x_wconf 87' lang='lat' dir='ltr'><strong>quer·</strong></span> 
     </span>
    </p>
   </div>
   <div class='ocr_carea' id='block_1_3' title="bbox 67 1026 1145 1190">
    <p class='ocr_par' dir='ltr' id='par_1_3' title="bbox 67 1026 1145 1190">
     <span class='ocr_line' id='line_1_8' title="bbox 144 1026 1145 1106; baseline -0.001 -20"><span class='ocrx_word' id='word_1_55' title='bbox 144 1034 218 1099; x_wconf 87' lang='lat' dir='ltr'><strong>ceto,</strong></span> <span class='ocrx_word' id='word_1_56' title='bbox 240 1027 288 1086; x_wconf 91' lang='lat' dir='ltr'><strong>ubi</strong></span> <span class='ocrx_word' id='word_1_57' title='bbox 308 1047 397 1088; x_wconf 84' lang='lat' dir='ltr'><strong>veruo</strong></span> <span class='ocrx_word' id='word_1_58' title='bbox 417 1027 512 1106; x_wconf 82' lang='lat' dir='ltr'><strong>pluvia</strong></span> <span class='ocrx_word' id='word_1_59' title='bbox 533 1034 563 1088; x_wconf 88' lang='lat' dir='ltr'><strong>et</strong></span> <span class='ocrx_word' id='word_1_60' title='bbox 583 1045 665 1086; x_wconf 82' lang='lat' dir='ltr'><strong>rorea</strong></span> <span class='ocrx_word' id='word_1_61' title='bbox 686 1026 781 1086; x_wconf 79' lang='lat' dir='ltr'><strong>denaia</strong></span> <span class='ocrx_word' id='word_1_62' title='bbox 802 1026 907 1086; x_wconf 80' lang='lat' dir='ltr'><strong>umbrie</strong></span> <span class='ocrx_word' id='word_1_63' title='bbox 928 1027 1033 1086; x_wconf 77' lang='lat' dir='ltr'><strong>diutius</strong></span> <span class='ocrx_word' id='word_1_64' title='bbox 1136 1053 1145 1064; x_wconf 92' lang='lat'><strong>·</strong></span> 
     </span>
     <span class='ocr_line' id='line_1_9' title="bbox 67 1129 293 1190; baseline 0.018 -6"><span class='ocrx_word' id='word_1_65' title='bbox 67 1181 70 1184; x_wconf 87' lang='lat'>.</span> <span class='ocrx_word' id='word_1_66' title='bbox 144 1129 293 1190; x_wconf 87' lang='lat' dir='ltr'><strong>durabant.</strong></span> 
     </span>
    </p>
   </div>
   <div class='ocr_carea' id='block_1_4' title="bbox 228 1228 1033 1310">
    <p class='ocr_par' dir='ltr' id='par_1_4' title="bbox 228 1228 1033 1310">
     <span class='ocr_line' id='line_1_10' title="bbox 228 1228 1033 1310; baseline -0.005 -18"><span class='ocrx_word' id='word_1_67' title='bbox 228 1237 363 1292; x_wconf 73' lang='lat'><strong>21-23.</strong></span> <span class='ocrx_word' id='word_1_68' title='bbox 402 1229 454 1288; x_wconf 83' lang='lat' dir='ltr'><strong>l&#39;el</strong></span> <span class='ocrx_word' id='word_1_69' title='bbox 475 1228 513 1288; x_wconf 92' lang='lat' dir='ltr'><strong>dii</strong></span> <span class='ocrx_word' id='word_1_70' title='bbox 534 1229 646 1308; x_wconf 85' lang='lat' dir='ltr'><strong>quidam</strong></span> <span class='ocrx_word' id='word_1_71' title='bbox 666 1247 811 1310; x_wconf 76' lang='lat' dir='ltr'><strong>egrotum,</strong></span> <span class='ocrx_word' id='word_1_72' title='bbox 832 1228 964 1288; x_wconf 77' lang='lat' dir='ltr'><strong>carminis</strong></span> <span class='ocrx_word' id='word_1_73' title='bbox 984 1249 1033 1308; x_wconf 87' lang='lat' dir='ltr'><strong>pc-</strong></span> 
     </span>
    </p>
   </div>
   <div class='ocr_carea' id='block_1_5' title="bbox 141 1329 1131 1402">
    <p class='ocr_par' dir='ltr' id='par_1_5' title="bbox 141 1329 1131 1402">
     <span class='ocr_line' id='line_1_11' title="bbox 141 1329 1131 1402; baseline 0.001 -12"><span class='ocrx_word' id='word_1_74' title='bbox 141 1332 190 1390; x_wconf 90' lang='lat' dir='ltr'><strong>riti</strong></span> <span class='ocrx_word' id='word_1_75' title='bbox 212 1337 241 1390; x_wconf 88' lang='lat' dir='ltr'><strong>at</strong></span> <span class='ocrx_word' id='word_1_76' title='bbox 262 1330 375 1401; x_wconf 80' lang='lat' dir='ltr'><strong>umoris,</strong></span> <span class='ocrx_word' id='word_1_77' title='bbox 397 1330 559 1402; x_wconf 83' lang='lat' dir='ltr'><strong>adveniunt,</strong></span> <span class='ocrx_word' id='word_1_78' title='bbox 582 1331 693 1390; x_wconf 80' lang='lat' dir='ltr'><strong>Goliam</strong></span> <span class='ocrx_word' id='word_1_79' title='bbox 714 1329 898 1390; x_wconf 83' lang='lat' dir='ltr'><strong>adhortaturi.</strong></span> <span class='ocrx_word' id='word_1_80' title='bbox 920 1331 1032 1394; x_wconf 67' lang='lat' dir='ltr'><strong>Primus</strong></span> <span class='ocrx_word' id='word_1_81' title='bbox 1128 1375 1131 1380; x_wconf 68' lang='lat'><em>,</em></span> 
     </span>
    </p>
   </div>
   <div class='ocr_carea' id='block_1_6' title="bbox 104 1416 1098 2407">
    <p class='ocr_par' dir='ltr' id='par_1_6' title="bbox 104 1416 1098 2407">
     <span class='ocr_line' id='line_1_12' title="bbox 141 1416 1031 1512; baseline 0.002 -22"><span class='ocrx_word' id='word_1_82' title='bbox 141 1433 253 1511; x_wconf 81' lang='lat' dir='ltr'><strong>Apollo,</strong></span> <span class='ocrx_word' id='word_1_83' title='bbox 274 1430 372 1492; x_wconf 88' lang='lat' dir='ltr'><strong>fautor</strong></span> <span class='ocrx_word' id='word_1_84' title='bbox 392 1433 453 1512; x_wconf 83' lang='lat' dir='ltr'><strong>ejur</strong></span> <span class='ocrx_word' id='word_1_85' title='bbox 475 1431 792 1502; x_wconf 78' lang='lat' dir='ltr'><strong>acollibuaMuaaruu;</strong></span> <span class='ocrx_word' id='word_1_86' title='bbox 816 1416 1031 1510; x_wconf 42' lang='lat' dir='ltr'><strong>poat‘Silvauur,</strong></span> 
     </span>
     <span class='ocr_line' id='line_1_13' title="bbox 141 1532 1031 1614; baseline 0 -22"><span class='ocrx_word' id='word_1_87' title='bbox 141 1535 204 1614; x_wconf 87' lang='lat' dir='ltr'><strong>ejus</strong></span> <span class='ocrx_word' id='word_1_88' title='bbox 226 1533 389 1612; x_wconf 76' lang='lat' dir='ltr'><strong>populario3</strong></span> <span class='ocrx_word' id='word_1_89' title='bbox 420 1540 563 1612; x_wconf 80' lang='lat' dir='ltr'><strong>postremo</strong></span> <span class='ocrx_word' id='word_1_90' title='bbox 586 1532 648 1592; x_wconf 85' lang='lat' dir='ltr'><strong>Pon</strong></span> <span class='ocrx_word' id='word_1_91' title='bbox 670 1533 834 1592; x_wconf 81' lang='lat' dir='ltr'><strong>Arcadicus.</strong></span> <span class='ocrx_word' id='word_1_92' title='bbox 855 1567 899 1578; x_wconf 96' lang='lat'>—</span> <span class='ocrx_word' id='word_1_93' title='bbox 919 1535 1031 1613; x_wconf 83' lang='lat' dir='ltr'><strong>Apollo,</strong></span> 
     </span>
     <span class='ocr_line' id='line_1_14' title="bbox 141 1633 1031 1715; baseline 0.003 -22"><span class='ocrx_word' id='word_1_94' title='bbox 141 1635 187 1713; x_wconf 78' lang='lat' dir='ltr'><strong>qui</strong></span> <span class='ocrx_word' id='word_1_95' title='bbox 214 1634 363 1694; x_wconf 80' lang='lat' dir='ltr'><strong>Arcadiam</strong></span> <span class='ocrx_word' id='word_1_96' title='bbox 397 1653 512 1695; x_wconf 86' lang='lat' dir='ltr'><strong>mouere</strong></span> <span class='ocrx_word' id='word_1_97' title='bbox 546 1634 719 1715; x_wconf 78' lang='lat' dir='ltr'><strong>peragrabat</strong></span> <span class='ocrx_word' id='word_1_98' title='bbox 745 1633 792 1693; x_wconf 88' lang='lat' dir='ltr'><strong>dei</strong></span> <span class='ocrx_word' id='word_1_99' title='bbox 820 1635 942 1713; x_wconf 73' lang='lat' dir='ltr'><strong>pastoria</strong></span> <span class='ocrx_word' id='word_1_100' title='bbox 970 1635 1031 1715; x_wconf 83' lang='lat' dir='ltr'><strong>ipsa</strong></span> 
     </span>
     <span class='ocr_line' id='line_1_15' title="bbox 104 1735 1030 1818; baseline 0.005 -25"><span class='ocrx_word' id='word_1_101' title='bbox 104 1805 108 1818; x_wconf 50' lang='lat'>,</span> <span class='ocrx_word' id='word_1_102' title='bbox 141 1755 261 1815; x_wconf 75' lang='lat' dir='ltr'><strong>poscens</strong></span> <span class='ocrx_word' id='word_1_103' title='bbox 283 1737 317 1806; x_wconf 80' lang='lat' dir='ltr'><strong>V,</strong></span> <span class='ocrx_word' id='word_1_104' title='bbox 340 1741 390 1796; x_wconf 77' lang='lat'><strong>35.</strong></span> <span class='ocrx_word' id='word_1_105' title='bbox 412 1736 468 1794; x_wconf 89' lang='lat' dir='ltr'><strong>Lb.</strong></span> <span class='ocrx_word' id='word_1_106' title='bbox 490 1737 539 1808; x_wconf 91' lang='lat' dir='ltr'><strong>lll,</strong></span> <span class='ocrx_word' id='word_1_107' title='bbox 563 1745 591 1806; x_wconf 88' lang='lat'><strong>1,</strong></span> <span class='ocrx_word' id='word_1_108' title='bbox 613 1741 643 1794; x_wconf 85' lang='lat' dir='ltr'><strong>et</strong></span> <span class='ocrx_word' id='word_1_109' title='bbox 662 1735 866 1796; x_wconf 75' lang='lat' dir='ltr'><strong>obdroudibuo</strong></span> <span class='ocrx_word' id='word_1_110' title='bbox 887 1737 1030 1816; x_wconf 71' lang='lat' dir='ltr'><strong>imprimit,</strong></span> 
     </span>
     <span class='ocr_line' id='line_1_16' title="bbox 140 1836 1031 1917; baseline 0.002 -21"><span class='ocrx_word' id='word_1_111' title='bbox 140 1839 216 1916; x_wconf 85' lang='lat' dir='ltr'><strong>quod</strong></span> <span class='ocrx_word' id='word_1_112' title='bbox 237 1837 279 1896; x_wconf 85' lang='lat' dir='ltr'><strong>ait</strong></span> <span class='ocrx_word' id='word_1_113' title='bbox 291 1837 393 1896; x_wconf 77' lang='lat' dir='ltr'><strong>Cicero</strong></span> <span class='ocrx_word' id='word_1_114' title='bbox 408 1836 448 1895; x_wconf 86' lang='grc' dir='ltr'><strong>Ν.</strong></span> <span class='ocrx_word' id='word_1_115' title='bbox 462 1837 508 1896; x_wconf 88' lang='lat' dir='ltr'><strong>D.</strong></span> <span class='ocrx_word' id='word_1_116' title='bbox 523 1837 573 1906; x_wconf 83' lang='lat' dir='ltr'><strong>nt,</strong></span> <span class='ocrx_word' id='word_1_117' title='bbox 596 1842 646 1906; x_wconf 78' lang='lat'><strong>23,</strong></span> <span class='ocrx_word' id='word_1_118' title='bbox 668 1836 748 1913; x_wconf 79' lang='lat' dir='ltr'><strong>quasi</strong></span> <span class='ocrx_word' id='word_1_119' title='bbox 759 1836 909 1910; x_wconf 69' lang='lat' dir='ltr'><strong>Noniano,</strong></span> <span class='ocrx_word' id='word_1_120' title='bbox 932 1845 1031 1917; x_wconf 77' lang='lat' dir='ltr'><strong>partor</strong></span> 
     </span>
     <span class='ocr_line' id='line_1_17' title="bbox 141 1936 1030 2018; baseline 0 -20"><span class='ocrx_word' id='word_1_121' title='bbox 141 1945 170 1998; x_wconf 91' lang='lat' dir='ltr'><strong>et</strong></span> <span class='ocrx_word' id='word_1_122' title='bbox 191 1936 350 2018; x_wconf 78' lang='lat' dir='ltr'><strong>lcgialator‚</strong></span> <span class='ocrx_word' id='word_1_123' title='bbox 373 1936 527 2006; x_wconf 86' lang='lat' dir='ltr'><strong>colebatur,</strong></span> <span class='ocrx_word' id='word_1_124' title='bbox 550 1955 606 1993; x_wconf 89' lang='lat' dir='ltr'><strong>uon</strong></span> <span class='ocrx_word' id='word_1_125' title='bbox 628 1936 717 1994; x_wconf 80' lang='lat' dir='ltr'><strong>solum</strong></span> <span class='ocrx_word' id='word_1_126' title='bbox 740 1937 849 1995; x_wconf 84' lang='lat' dir='ltr'><strong>Gallum</strong></span> <span class='ocrx_word' id='word_1_127' title='bbox 872 1939 960 2009; x_wconf 86' lang='lat' dir='ltr'><strong>novit,</strong></span> <span class='ocrx_word' id='word_1_128' title='bbox 983 1959 1030 1998; x_wconf 84' lang='lat' dir='ltr'><strong>ve·</strong></span> 
     </span>
     <span class='ocr_line' id='line_1_18' title="bbox 140 2035 1030 2120; baseline 0.003 -22"><span class='ocrx_word' id='word_1_129' title='bbox 140 2047 202 2098; x_wconf 84' lang='lat' dir='ltr'><strong>tere</strong></span> <span class='ocrx_word' id='word_1_130' title='bbox 234 2035 440 2108; x_wconf 76' lang='lat' dir='ltr'><strong>familiaritate,</strong></span> <span class='ocrx_word' id='word_1_131' title='bbox 476 2036 543 2108; x_wconf 85' lang='lat' dir='ltr'><strong>aad,</strong></span> <span class='ocrx_word' id='word_1_132' title='bbox 575 2055 658 2114; x_wconf 84' lang='lat' dir='ltr'><strong>quum</strong></span> <span class='ocrx_word' id='word_1_133' title='bbox 685 2043 762 2096; x_wconf 77' lang='lat' dir='ltr'><strong>esset</strong></span> <span class='ocrx_word' id='word_1_134' title='bbox 789 2036 937 2114; x_wconf 78' lang='lat' dir='ltr'><strong>fatidicus,</strong></span> <span class='ocrx_word' id='word_1_135' title='bbox 969 2041 1030 2120; x_wconf 81' lang='lat' dir='ltr'><strong>ejua</strong></span> 
     </span>
     <span class='ocr_line' id='line_1_19' title="bbox 139 2135 1098 2220; baseline 0.003 -22"><span class='ocrx_word' id='word_1_136' title='bbox 139 2159 250 2220; x_wconf 84' lang='lat' dir='ltr'><strong>quoque</strong></span> <span class='ocrx_word' id='word_1_137' title='bbox 270 2138 395 2216; x_wconf 83' lang='lat' dir='ltr'><strong>Lycorin</strong></span> <span class='ocrx_word' id='word_1_138' title='bbox 421 2138 559 2218; x_wconf 80' lang='lat' dir='ltr'><strong>hujusque</strong></span> <span class='ocrx_word' id='word_1_139' title='bbox 581 2135 688 2218; x_wconf 80' lang='lat' dir='ltr'><strong>fugam.</strong></span> <span class='ocrx_word' id='word_1_140' title='bbox 730 2138 922 2198; x_wconf 88' lang='lat' dir='ltr'><strong>Plaoutiouem</strong></span> <span class='ocrx_word' id='word_1_141' title='bbox 945 2140 1030 2200; x_wconf 86' lang='lat' dir='ltr'><strong>animi</strong></span> <span class='ocrx_word' id='word_1_142' title='bbox 1095 2173 1098 2188; x_wconf 53' lang='grc' dir='ltr'><strong>ι</strong></span> 
     </span>
     <span class='ocr_line' id='line_1_20' title="bbox 139 2238 1028 2323; baseline 0.002 -23"><span class='ocrx_word' id='word_1_143' title='bbox 139 2241 253 2321; x_wconf 77' lang='lat' dir='ltr'><strong>capiere</strong></span> <span class='ocrx_word' id='word_1_144' title='bbox 274 2241 344 2300; x_wconf 77' lang='lat' dir='ltr'><strong>dcuu</strong></span> <span class='ocrx_word' id='word_1_145' title='bbox 365 2260 383 2300; x_wconf 94' lang='lat' dir='ltr'><strong>a</strong></span> <span class='ocrx_word' id='word_1_146' title='bbox 405 2246 490 2323; x_wconf 73' lang='lat' dir='ltr'><strong>podia</strong></span> <span class='ocrx_word' id='word_1_147' title='bbox 511 2238 636 2318; x_wconf 81' lang='lat' dir='ltr'><strong>postulet</strong></span> <span class='ocrx_word' id='word_1_148' title='bbox 658 2239 790 2314; x_wconf 85' lang='lat' dir='ltr'><strong>eumdem,</strong></span> <span class='ocrx_word' id='word_1_149' title='bbox 812 2259 868 2318; x_wconf 80' lang='lat' dir='ltr'><strong>quo</strong></span> <span class='ocrx_word' id='word_1_150' title='bbox 880 2241 1028 2323; x_wconf 87' lang='lat' dir='ltr'><strong>Virgilium</strong></span> 
     </span>
     <span class='ocr_line' id='line_1_21' title="bbox 139 2339 876 2407; baseline 0 -6"><span class='ocrx_word' id='word_1_151' title='bbox 139 2342 275 2402; x_wconf 84' lang='lat' dir='ltr'><strong>lloratiua</strong></span> <span class='ocrx_word' id='word_1_152' title='bbox 296 2342 332 2400; x_wconf 84' lang='lat' dir='ltr'><strong>de</strong></span> <span class='ocrx_word' id='word_1_153' title='bbox 353 2339 491 2407; x_wconf 72' lang='lat' dir='ltr'><strong>Quintilio</strong></span> <span class='ocrx_word' id='word_1_154' title='bbox 513 2339 616 2398; x_wconf 79' lang='lat' dir='ltr'><strong>amisso</strong></span> <span class='ocrx_word' id='word_1_155' title='bbox 639 2339 780 2400; x_wconf 73' lang='lat' dir='ltr'><strong>consulam·</strong></span> <span class='ocrx_word' id='word_1_156' title='bbox 800 2341 876 2402; x_wconf 75' lang='lat' dir='ltr'><strong>vulta</strong></span> 
     </span>
    </p>
   </div>
   <div class='ocr_carea' id='block_1_7' title="bbox 238 2429 772 2609">
    <p class='ocr_par' dir='ltr' id='par_1_7' title="bbox 238 2429 772 2609">
     <span class='ocr_line' id='line_1_22' title="bbox 238 2429 713 2522; baseline -0.004 -12"><span class='ocrx_word' id='word_1_157' title='bbox 238 2455 352 2510; x_wconf 85' lang='lat' dir='ltr'><strong>Durum!</strong></span> <span class='ocrx_word' id='word_1_158' title='bbox 370 2455 416 2509; x_wconf 81' lang='lat' dir='ltr'><strong>aed</strong></span> <span class='ocrx_word' id='word_1_159' title='bbox 434 2453 516 2508; x_wconf 77' lang='lat' dir='ltr'><strong>levino</strong></span> <span class='ocrx_word' id='word_1_160' title='bbox 532 2453 563 2506; x_wconf 81' lang='lat' dir='ltr'><strong>fit</strong></span> <span class='ocrx_word' id='word_1_161' title='bbox 579 2429 713 2522; x_wconf 73' lang='lat' dir='ltr'><strong>potienda,</strong></span> 
     </span>
     <span class='ocr_line' id='line_1_23' title="bbox 340 2537 772 2609; baseline 0 -13"><span class='ocrx_word' id='word_1_162' title='bbox 340 2537 472 2609; x_wconf 80' lang='lat' dir='ltr'><strong>Quidquid</strong></span> <span class='ocrx_word' id='word_1_163' title='bbox 487 2537 618 2606; x_wconf 76' lang='lat' dir='ltr'><strong>corrigere</strong></span> <span class='ocrx_word' id='word_1_164' title='bbox 635 2545 675 2594; x_wconf 86' lang='lat' dir='ltr'><strong>est</strong></span> <span class='ocrx_word' id='word_1_165' title='bbox 690 2539 772 2596; x_wconf 76' lang='lat' dir='ltr'><strong>nesea.</strong></span> 
     </span>
    </p>
   </div>
   <div class='ocr_carea' id='block_1_8' title="bbox 139 2643 1024 3196">
    <p class='ocr_par' dir='ltr' id='par_1_8' title="bbox 139 2643 1024 3196">
     <span class='ocr_line' id='line_1_24' title="bbox 139 2643 1024 2732; baseline 0 -26"><span class='ocrx_word' id='word_1_166' title='bbox 139 2645 268 2726; x_wconf 85' lang='lat' dir='ltr'><strong>Daphnim</strong></span> <span class='ocrx_word' id='word_1_167' title='bbox 291 2644 492 2706; x_wconf 77' lang='lat' dir='ltr'><strong>Theocriteum</strong></span> <span class='ocrx_word' id='word_1_168' title='bbox 514 2645 541 2717; x_wconf 93' lang='grc' dir='ltr'><strong>Ι,</strong></span> <span class='ocrx_word' id='word_1_169' title='bbox 564 2652 602 2706; x_wconf 84' lang='lat'><strong>81</strong></span> <span class='ocrx_word' id='word_1_170' title='bbox 632 2643 768 2724; x_wconf 80' lang='lat' dir='ltr'><strong>Priapus,</strong></span> <span class='ocrx_word' id='word_1_171' title='bbox 802 2645 878 2732; x_wconf 79' lang='lat' dir='ltr'><strong>bopo</strong></span> <span class='ocrx_word' id='word_1_172' title='bbox 904 2649 1024 2726; x_wconf 73' lang='lat' dir='ltr'><strong>quodam</strong></span> 
     </span>
     <span class='ocr_line' id='line_1_25' title="bbox 139 2745 778 2819; baseline -0.005 -14"><span class='ocrx_word' id='word_1_173' title='bbox 139 2767 190 2806; x_wconf 80' lang='lat' dir='ltr'><strong>auo</strong></span> <span class='ocrx_word' id='word_1_174' title='bbox 212 2748 357 2808; x_wconf 74' lang='lat' dir='ltr'><strong>otomacbo</strong></span> <span class='ocrx_word' id='word_1_175' title='bbox 378 2766 457 2819; x_wconf 80' lang='lat' dir='ltr'><strong>maur,</strong></span> <span class='ocrx_word' id='word_1_176' title='bbox 479 2745 639 2806; x_wconf 83' lang='lat' dir='ltr'><strong>exhilarare</strong></span> <span class='ocrx_word' id='word_1_177' title='bbox 660 2747 778 2807; x_wconf 86' lang='lat' dir='ltr'><strong>mavult:</strong></span> 
     </span>
     <span class='ocr_line' id='line_1_26' title="bbox 237 2857 777 2956; baseline -0.002 -28"><span class='ocrx_word' id='word_1_178' title='bbox 237 2906 271 2918; x_wconf 89' lang='lat'><em>—</em></span> <span class='ocrx_word' id='word_1_179' title='bbox 287 2905 322 2918; x_wconf 83' lang='lat'><strong>--</strong></span> <span class='ocrx_word' id='word_1_180' title='bbox 339 2905 372 2916; x_wconf 90' lang='lat'>-</span> <span class='ocrx_word' id='word_1_181' title='bbox 388 2905 422 2956; x_wconf 54' lang='grc' dir='ltr'><em>Τ</em></span> <span class='ocrx_word' id='word_1_182' title='bbox 439 2877 567 2943; x_wconf 83' lang='lat' dir='ltr'><strong>Tuncque</strong></span> <span class='ocrx_word' id='word_1_183' title='bbox 581 2875 692 2943; x_wconf 83' lang='lat' dir='ltr'><strong>Priapus</strong></span> <span class='ocrx_word' id='word_1_184' title='bbox 776 2857 777 2864; x_wconf 16' lang='grc' dir='ltr'>Ι</span> 
     </span>
     <span class='ocr_line' id='line_1_27' title="bbox 238 2957 957 3028; baseline -0.001 -14"><span class='ocrx_word' id='word_1_185' title='bbox 238 2963 329 3015; x_wconf 82' lang='lat' dir='ltr'><strong>Venit:</strong></span> <span class='ocrx_word' id='word_1_186' title='bbox 346 2960 459 3028; x_wconf 83' lang='lat' dir='ltr'><strong>Daphni,</strong></span> <span class='ocrx_word' id='word_1_187' title='bbox 475 2960 554 3027; x_wconf 83' lang='lat' dir='ltr'><strong>perir,</strong></span> <span class='ocrx_word' id='word_1_188' title='bbox 572 2960 669 3024; x_wconf 71' lang='lat' dir='ltr'><strong>diceus,</strong></span> <span class='ocrx_word' id='word_1_189' title='bbox 686 2957 779 3010; x_wconf 80' lang='lat' dir='ltr'><strong>mirer!</strong></span> <span class='ocrx_word' id='word_1_190' title='bbox 797 2957 855 3027; x_wconf 85' lang='lat' dir='ltr'><strong>ipao</strong></span> <span class='ocrx_word' id='word_1_191' title='bbox 872 2963 957 3025; x_wconf 85' lang='lat' dir='ltr'><strong>puelle</strong></span> 
     </span>
     <span class='ocr_line' id='line_1_28' title="bbox 239 3043 864 3112; baseline -0.003 -14"><span class='ocrx_word' id='word_1_192' title='bbox 239 3047 337 3098; x_wconf 76' lang='lat' dir='ltr'><strong>Omnes</strong></span> <span class='ocrx_word' id='word_1_193' title='bbox 355 3049 381 3098; x_wconf 87' lang='lat' dir='ltr'><strong>et</strong></span> <span class='ocrx_word' id='word_1_194' title='bbox 397 3043 482 3096; x_wconf 73' lang='lat' dir='ltr'><strong>fontes</strong></span> <span class='ocrx_word' id='word_1_195' title='bbox 498 3043 606 3112; x_wconf 69' lang='lat' dir='ltr'><strong>pedibus</strong></span> <span class='ocrx_word' id='word_1_196' title='bbox 623 3043 701 3106; x_wconf 79' lang='lat' dir='ltr'><strong>aitrau</strong></span> <span class='ocrx_word' id='word_1_197' title='bbox 718 3049 745 3095; x_wconf 91' lang='lat' dir='ltr'><strong>et</strong></span> <span class='ocrx_word' id='word_1_198' title='bbox 761 3043 864 3096; x_wconf 89' lang='lat' dir='ltr'><strong>oberrat</strong></span> 
     </span>
     <span class='ocr_line' id='line_1_29' title="bbox 238 3125 959 3196; baseline 0 -13"><span class='ocrx_word' id='word_1_199' title='bbox 238 3131 390 3196; x_wconf 78' lang='lat' dir='ltr'><strong>Vestigaua3</strong></span> <span class='ocrx_word' id='word_1_200' title='bbox 408 3128 475 3179; x_wconf 87' lang='lat' dir='ltr'><strong>male</strong></span> <span class='ocrx_word' id='word_1_201' title='bbox 491 3143 562 3180; x_wconf 83' lang='lat' dir='ltr'><strong>amaa</strong></span> <span class='ocrx_word' id='word_1_202' title='bbox 580 3132 606 3182; x_wconf 85' lang='lat' dir='ltr'><strong>et</strong></span> <span class='ocrx_word' id='word_1_203' title='bbox 622 3143 650 3180; x_wconf 81' lang='lat' dir='ltr'><strong>es</strong></span> <span class='ocrx_word' id='word_1_204' title='bbox 667 3125 772 3192; x_wconf 85' lang='lat' dir='ltr'><strong>omuino</strong></span> <span class='ocrx_word' id='word_1_205' title='bbox 789 3129 856 3182; x_wconf 87' lang='lat' dir='ltr'><strong>male</strong></span> <span class='ocrx_word' id='word_1_206' title='bbox 872 3145 959 3183; x_wconf 79' lang='lat' dir='ltr'><strong>aanor.</strong></span> 
     </span>
    </p>
   </div>
   <div class='ocr_carea' id='block_1_9' title="bbox 137 3245 1021 3533">
    <p class='ocr_par' dir='ltr' id='par_1_9' title="bbox 137 3245 1021 3533">
     <span class='ocr_line' id='line_1_30' title="bbox 137 3245 1021 3329; baseline 0.005 -21"><span class='ocrx_word' id='word_1_207' title='bbox 137 3249 291 3329; x_wconf 73' lang='lat' dir='ltr'><strong>Lycoris,</strong></span> <span class='ocrx_word' id='word_1_208' title='bbox 315 3247 445 3327; x_wconf 78' lang='lat' dir='ltr'><strong>Cytheris</strong></span> <span class='ocrx_word' id='word_1_209' title='bbox 465 3267 523 3306; x_wconf 91' lang='lat' dir='ltr'><strong>uou</strong></span> <span class='ocrx_word' id='word_1_210' title='bbox 535 3254 589 3320; x_wconf 86' lang='lat' dir='ltr'><strong>eat,</strong></span> <span class='ocrx_word' id='word_1_211' title='bbox 610 3247 693 3308; x_wconf 84' lang='lat' dir='ltr'><strong>mima</strong></span> <span class='ocrx_word' id='word_1_212' title='bbox 703 3245 814 3308; x_wconf 82' lang='lat' dir='ltr'><strong>iufamia</strong></span> <span class='ocrx_word' id='word_1_213' title='bbox 834 3270 860 3312; x_wconf 81' lang='lat' dir='ltr'><strong>v.</strong></span> <span class='ocrx_word' id='word_1_214' title='bbox 875 3257 911 3323; x_wconf 72' lang='lat'><strong>23</strong></span> <span class='ocrx_word' id='word_1_215' title='bbox 932 3249 1021 3312; x_wconf 79' lang='lat' dir='ltr'><strong>minua</strong></span> 
     </span>
     <span class='ocr_line' id='line_1_31' title="bbox 138 3351 1021 3430; baseline 0.002 -18"><span class='ocrx_word' id='word_1_216' title='bbox 138 3352 222 3412; x_wconf 84' lang='lat' dir='ltr'><strong>otiam</strong></span> <span class='ocrx_word' id='word_1_217' title='bbox 243 3351 383 3412; x_wconf 81' lang='lat' dir='ltr'><strong>Antonius</strong></span> <span class='ocrx_word' id='word_1_218' title='bbox 404 3357 449 3410; x_wconf 83' lang='lat' dir='ltr'><strong>eat</strong></span> <span class='ocrx_word' id='word_1_219' title='bbox 469 3354 534 3410; x_wconf 75' lang='lat' dir='ltr'><strong>iate</strong></span> <span class='ocrx_word' id='word_1_220' title='bbox 554 3351 661 3422; x_wconf 74' lang='lat' dir='ltr'><strong>aliur,</strong></span> <span class='ocrx_word' id='word_1_221' title='bbox 686 3369 768 3429; x_wconf 80' lang='lat' dir='ltr'><strong>quem</strong></span> <span class='ocrx_word' id='word_1_222' title='bbox 790 3371 841 3430; x_wconf 88' lang='lat' dir='ltr'><strong>per</strong></span> <span class='ocrx_word' id='word_1_223' title='bbox 859 3357 951 3412; x_wconf 74' lang='lat' dir='ltr'><strong>adver</strong></span> <span class='ocrx_word' id='word_1_224' title='bbox 972 3355 1021 3414; x_wconf 85' lang='grc' dir='ltr'><strong>ΑΙ-</strong></span> 
     </span>
     <span class='ocr_line' id='line_1_32' title="bbox 138 3449 1019 3533; baseline 0.005 -21"><span class='ocrx_word' id='word_1_225' title='bbox 138 3455 212 3532; x_wconf 89' lang='lat' dir='ltr'><strong>pium</strong></span> <span class='ocrx_word' id='word_1_226' title='bbox 239 3461 269 3514; x_wconf 90' lang='lat' dir='ltr'><strong>et</strong></span> <span class='ocrx_word' id='word_1_227' title='bbox 287 3473 339 3533; x_wconf 83' lang='lat' dir='ltr'><strong>por</strong></span> <span class='ocrx_word' id='word_1_228' title='bbox 359 3449 499 3512; x_wconf 70' lang='lat' dir='ltr'><strong>horrida</strong></span> <span class='ocrx_word' id='word_1_229' title='bbox 518 3464 634 3514; x_wconf 72' lang='lat' dir='ltr'><strong>rutra</strong></span> <span class='ocrx_word' id='word_1_230' title='bbox 655 3451 766 3514; x_wconf 80' lang='lat' dir='ltr'><strong>Galliae</strong></span> <span class='ocrx_word' id='word_1_231' title='bbox 787 3451 949 3516; x_wconf 84' lang='lat' dir='ltr'><strong>burburicae</strong></span> <span class='ocrx_word' id='word_1_232' title='bbox 970 3455 1019 3516; x_wconf 87' lang='lat' dir='ltr'><strong>fri-</strong></span> 
     </span>
    </p>
   </div>
   <div class='ocr_carea' id='block_1_10' title="bbox 0 0 1236 4028">
    <p class='ocr_par' dir='ltr' id='par_1_10' title="bbox 0 0 1236 4028">
     <span class='ocr_line' id='line_1_33' title="bbox 0 0 1236 4028; baseline 0 2"><span class='ocrx_word' id='word_1_233' title='bbox 0 0 1236 4028; x_wconf 95' lang='lat' dir='ltr'><strong> </strong></span> 
     </span>
    </p>
   </div>
  </div>
 </body>
</html>
