2444 4020
139 267 148 274 ’
191 282 238 350 9ss
440 271 596 331 ECLOGA
618 271 678 344 vll,
701 275 839 333 57-60.

260 438 372 491 Pulcher
389 436 433 490 ubi
450 437 516 490 Milo
532 435 665 502 graditur3
683 435 791 490 simulac
807 436 830 490 is
847 435 940 504 abivit,

346 523 467 588 Langnet
484 520 528 590 qui
545 520 629 590 pascit
646 537 705 576 cnm
722 520 826 575 sitiente
843 537 936 590 grege.

201 645 321 708 Vitium
347 647 455 714 ιιὸνὲι,
499 642 693 721 perniciosus,
728 643 865 722 pestilens
902 650 1001 702 aestus
1032 645 1080 703 sab

194 746 279 828 signo
301 744 447 803 caniculae
469 743 498 800 in
521 743 658 822 principio
680 745 832 818 auctumni,
855 747 930 825 qnod
947 751 1087 824 eratpost

195 867 222 908 a.
251 847 279 905 ιΙ.
307 846 346 904 ΙΙΙ
374 844 413 904 irl.
442 845 546 904 Sextii.
574 845 628 904 Lb.
651 847 705 917 ΙΙΙ,
732 854 806 908 478.
848 846 956 907 Liber
978 867 1086 928 cogno·

195 968 258 1008 men
280 954 349 1007 tune
370 953 434 1006 erat
455 947 613 1006 Romanum
634 948 739 1008 Graeci
760 931 917 1009 Διονύσου
939 948 1085 1010 sinebar·

195 1051 257 1125 eli,
291 1069 329 1109 ex
356 1069 411 1128 quo
440 1048 552 1107 nomine
573 1049 752 1108 liberatorem
774 1051 920 1128 qne-dam
943 1050 1007 1111 sire
1026 1049 1082 1110 rin·

196 1153 286 1214 dicem
313 1157 407 1211 mente
432 1148 589 1231 fingebant.
632 1151 734 1209 Verum
756 1152 911 1230 antiquitus
933 1152 1011 1212 inter
1032 1153 1083 1210 lta·

194 1255 240 1315 los
261 1254 370 1334 priscos
392 1253 462 1312 deus
484 1259 547 1310 erat
564 1251 669 1312 Liber
686 1253 807 1311 sationis
829 1261 858 1313 ct
879 1253 1085 1334 generationis,

196 1355 289 1415 dictus
315 1373 333 1412 a
355 1354 464 1414 libare
485 1360 616 1424 vetusto,
649 1351 756 1428 λείβειν
778 1351 867 1435 (apud
888 1355 1014 1415 Sabinus
1035 1373 1084 1413 no·

197 1455 356 1516 minabatur
381 1453 599 1533 Locha-riser),
626 1453 759 1526 sundere,
788 1456 900 1537 rigare,
928 1475 1002 1534 quae
1024 1462 1085 1515 erat

198 1556 283 1637 origo
316 1555 466 1616 verborum
498 1546 610 1628 λειμών
636 1563 666 1612 et
692 1549 833 1632 λιβάδων
840 1601 849 1631 ,
883 1565 993 1636 protum
1023 1557 1084 1616 irri-

197 1676 302 1740 guum,
328 1648 460 1732 Λιβύη,
481 1652 575 1730 Λίψ,
603 1655 690 1735 plaga
711 1657 821 1735 pluria,
849 1658 953 1730 liber,
981 1657 1084 1730 inians,

198 1757 241 1818 rui
264 1755 356 1836 juris,
385 1774 437 1814 nec
464 1774 521 1812 non
542 1755 692 1816 verborum
714 1759 840 1830 lichen,
864 1759 964 1832 laben,
992 1759 1084 1820 leben.

199 1858 287 1920 Simul
308 1871 371 1918 cuin
391 1857 520 1918 Libera
542 1864 572 1916 et
595 1857 716 1919 Cerere
737 1860 898 1919 colebatur:
922 1880 1004 1939 quan
1025 1861 1084 1922 La·-

198 1961 325 2033 berarrr,
359 1967 425 2040 post
447 1961 574 2020 Graecas
594 1958 751 2040 religiones
773 1960 883 2032 illatus,
911 1962 995 2020 morlo
1017 1970 1084 2022 tan·

118 2049 122 2054 ⁸
199 2083 282 2144 quam
315 2069 431 2124 matrem
468 2061 530 2141 ejus
563 2059 592 2119 iu
630 2061 760 2120 Semelen
793 2063 853 2123 sive
885 2062 1083 2141 Proserpinam

200 2163 411 2244 mysteriorum,
440 2162 523 2220 modo
550 2167 689 2239 tamquam
711 2182 828 2223 uxorem
851 2165 913 2244 ejus
935 2164 963 2223 in
986 2163 1085 2223 Ariari-
1204 2179 1205 2184 ’

200 2286 255 2326 nen
273 2263 520 2324 transformabant.
563 2263 652 2322 riestu
664 2265 723 2343 jam
735 2274 912 2324 marcescunt
921 2270 1084 2340 pampini,

201 2386 318 2447 quorum
339 2365 475 2425 umbrae
496 2385 565 2425 uvas
584 2365 624 2424 ad
644 2365 756 2442 apricos
777 2369 881 2426 colles
898 2375 1089 2426 maturescen-

201 2474 246 2528 tes
265 2463 419 2524 det‘enrlere
431 2467 581 2524 debebant.
625 2466 733 2531 Diebus
745 2467 817 2525 enim
828 2467 1037 2526 canicularibus
1048 2469 1089 2529 vi·

200 2573 254 2636 tes,
268 2565 456 2622 maturitatem
469 2565 504 2622 arl
517 2564 737 2637 accelerandam,
758 2567 858 2626 nudari
870 2569 1002 2626 solebant
1013 2589 1030 2626 s
1042 2567 1086 2626 fo·

198 2666 246 2727 liis
272 2664 470 2744 operantibus,
504 2663 664 2742 palmitibus
690 2675 783 2727 antem
805 2687 878 2730 urae
899 2669 970 2728 locis
991 2669 1021 2728 in
1041 2689 1089 2729 cs·

200 2764 344 2828 lidissirnis
366 2766 555 2848 tegebantur,
593 2779 640 2838 et,
674 2769 699 2827 si
721 2789 816 2848 parurn
839 2770 1004 2849 pampinosa
1025 2769 1090 2830 vilis

200 2877 280 2942 erat,
303 2869 462 2940 sarmentis,
483 2874 639 2928 stramento
661 2878 691 2929 et
712 2871 857 2951 tegetibus
869 2869 909 2951 Ι).
953 2871 1088 2942 Neurus,

199 2973 315 3054 proprie
336 2972 495 3032 arboretam
519 2989 665 3050 pascuum,
703 2978 761 3030 tum
782 2973 862 3032 locus
884 2989 997 3050 quoque
1020 2992 1090 3032 cun-

200 3074 281 3134 situs.
324 3072 460 3149 Jupiter
486 3093 538 3152 pro
565 3079 646 3144 aera,
680 3072 728 3151 qni
757 3073 877 3152 pluviam
907 3070 1018 3145 fundit,
1052 3093 1090 3133 ex

143 3163 151 3168 ’
200 3181 369 3236 commutata
401 3176 492 3242 serius
520 3175 555 3232 sle
582 3172 685 3233 sabulis
707 3173 840 3252 opinione
861 3171 915 3231 Lb.
938 3175 981 3245 ΙΙ,
1016 3180 1089 3236 325.

198 3277 278 3336 llaec
306 3278 401 3357 imago
428 3276 516 3336 multo
537 3295 620 3354 quam
642 3295 693 3354 pro
715 3274 847 3336 carminis
868 3274 970 3334 rustici
991 3275 1090 3336 colore

220 3428 402 3438 ...av-...w

268 3491 296 3558 ⁸)
332 3492 390 3545 Col.
410 3490 448 3553 V,
466 3488 497 3554 b,
516 3490 557 3543 ΙΙ.
