2462 4028
117 347 121 358 .
181 296 250 358 tot
454 287 608 355 ECLOGA
630 287 668 358 X,
693 293 829 353 16-18.

97 449 102 458 ⁸
181 477 240 516 cem
263 475 336 528 esse,
358 456 414 514 imo
436 464 535 516 contra
556 455 634 516 ibrus
656 455 740 515 alias!
763 461 863 515 contra
876 473 974 534 aprum
987 475 1016 515 v.
1031 477 1074 537 g.,

181 558 228 636 qni
250 554 315 637 (pro
337 555 446 637 dolori)
466 558 558 636 jocari
580 557 733 616 nesciebat.
765 556 901 617 Adonin,
920 556 1074 616 semideum

181 660 285 719 Graeci
312 666 377 738 post
403 665 525 717 oetatem
551 659 666 717 Homeri
695 677 732 716 ex
761 658 855 736 Cypro
885 658 1073 736 accipiebant,

181 761 271 838 Syriis
292 759 478 840 religionibus
499 761 597 832 illatis,
619 779 692 838 quae
708 777 780 833 eum,
804 760 902 818 saltem
919 759 1072 837 posterius,

179 861 249 921 solis
275 870 449 940 naturaeque
475 860 624 941 genitricis
645 861 822 918 simulacrum
845 879 909 918 esre
930 859 1072 918 ferebant.

179 962 327 1022 Adonin
349 962 613 1043 lingnanoenicia
635 961 765 1040 qnoniam
787 961 949 1020 declarabat
970 963 1073 1020 domi-

178 1085 266 1137 num,
290 1063 355 1123 inde
377 1063 550 1135 factumest,
572 1061 870 1140 utKrrrssrveKyrrs
893 1057 1070 1145 edeprog

179 1165 429 1224 Lacedaemone
421 1185 446 1223 rs
473 1166 629 1244 appellatus
656 1164 702 1222 sit.
746 1164 870 1222 Hesiodo
898 1159 1070 1244 (Apolloni.

178 1269 228 1339 lll,
253 1274 301 1339 14,
324 1265 358 1348 4)
381 1285 418 1325 ex
439 1266 582 1325 Pboenice
603 1273 633 1325 et
653 1265 840 1344 Alphesiboea
860 1266 976 1346 genitus
997 1274 1071 1347 erat,

178 1369 302 1446 Panyasi
323 1376 353 1428 et
373 1368 497 1446 pluribus
510 1367 671 1427 auctoribus
683 1387 720 1425 es
731 1385 802 1448 rege
813 1366 941 1446 Assyrio,
962 1369 1069 1435 'llreieo

178 1489 241 1530 cum
261 1469 320 1529 filia
342 1471 462 1546 Smyrna
483 1469 543 1530 sive
564 1469 688 1548 Myrrha,
711 1487 792 1547 quae,
815 1470 967 1528 secundnm
978 1471 1070 1528 Anto·

178 1571 274 1630 ninum
298 1566 534 1650 (Liberalem),
562 1569 724 1636 inlibano
753 1577 848 1628 monte
874 1577 943 1630 nata
964 1569 1065 1630 fuerat.

177 1671 277 1730 Bionis
304 1671 333 1727 in
361 1669 463 1728 naenia
489 1670 562 1726 idem
589 1670 691 1728 dicitur
715 1671 849 1749 Assyrius
871 1671 890 1730 i.
913 1691 939 1730 e.
966 1671 1067 1749 Syrius

177 1773 281 1851 conjux
303 1769 432 1841 Veneris,
455 1770 577 1847 Cinyrae
598 1769 691 1829 lilius:
714 1772 811 1850 quiin
833 1773 894 1851 ipsa
915 1773 1067 1845 lliudeXl,
1126 1784 1132 1794 '

178 1883 219 1935 20
240 1873 371 1932 laudatus
394 1871 531 1949 Cinyras,
554 1873 705 1930 secundnm
727 1873 939 1952 Apollodorum,
962 1893 1066 1955 proge-

176 1977 238 2035 nies
259 1975 381 2034 'Pithoni
403 1980 433 2032 et
453 1974 634 2052 Assyriorum
655 1974 794 2053 princeps,
817 1976 939 2053 Cyprum
961 1975 1067 2056 migra·

71 2085 74 2092 '
175 2079 230 2149 vit,
252 2077 378 2156 Paphum
400 2075 538 2146 condidit,
561 2082 591 2134 et
612 2095 649 2134 ex
671 2075 838 2147 lletbarme‚
859 2075 1063 2156 Pygmalionis,

175 2179 255 2260 regis
277 2177 383 2257 Cyprii,
404 2175 472 2249 filia,
494 2177 604 2234 Adonin
626 2177 744 2256 genuit3
764 2178 820 2248 vel,
841 2179 917 2256 qnod
935 2177 1062 2258 Hyginus

177 2287 207 2341 et
228 2280 344 2341 Ovidius
371 2279 501 2350 tradunt,
530 2297 567 2337 ex
593 2297 646 2336 sna
672 2278 760 2356 ipsius
781 2277 841 2338 lilia
862 2281 981 2357 Smyrna
1003 2279 1066 2339 sive

176 2384 302 2462 Myrrha,
323 2399 396 2459 quoe
416 2380 445 2438 in
468 2379 662 2460 cognominem
684 2380 811 2438 arborem
830 2381 950 2440 Arabiae
971 2389 1065 2440 traus-

176 2483 359 2561 formabatur.
408 2483 440 2539 ln
468 2479 580 2558 Cypriis
613 2481 764 2558 poematis,
799 2481 939 2541 Pindarus
971 2481 1067 2560 inquit

178 2579 289 2664 (Ppch.
311 2581 347 2651 ll,
368 2588 399 2641 7.
421 2581 512 2640 Nem.
535 2581 610 2651 Vlll,
633 2579 703 2662 30),
727 2583 863 2661 Cinyras,
885 2583 966 2661 quasi
987 2584 1063 2662 prin·

176 2683 243 2766 ceps
264 2681 408 2763 indigena,
430 2682 465 2742 ab
487 2682 616 2760 Apolline
638 2691 755 2757 auratus,
778 2692 808 2744 et
830 2685 948 2744 Veneris
970 2703 1062 2744 saeer-

176 2791 242 2860 dos,
269 2784 428 2857 colebatur,
456 2785 535 2864 enjus
557 2791 691 2862 nepotes,
714 2785 880 2863 Cinyridae‚
910 2786 1063 2846 scholiaste

175 2897 306 2960 auctore,
328 2887 514 2946 sacerdotium
536 2886 692 2944 hereditate
712 2887 895 2964 accipiebant.
939 2888 1064 2966 Cypriis,

174 2991 326 3054 secundnm
347 2988 469 3048 Plinium
483 2989 543 3059 Vll,
566 2991 615 3059 57,
638 2989 750 3068 tegulas
771 2989 927 3060 invenerat,
948 2989 1065 3050 metella

174 3095 259 3166 aeris,
280 3091 425 3170 forcipem,
444 3091 600 3161 martulam,
612 3075 729 3161 vectem³
743 3090 885 3164 incudem3
908 3092 1063 3150 secundum

175 3197 346 3256 Clementem
367 3199 396 3252 et
417 3191 579 3262 Arnobium,
601 3192 732 3269 mysteria
749 3193 879 3272 Cypriae,
902 3213 940 3252 ex
961 3213 1062 3272 spuma

129 3338 132 3347 1
174 3299 282 3362 marina
304 3304 414 3365 enatae,
436 3292 563 3352 Veneris.
586 3293 789 3372 Antiquitatem
810 3295 903 3354 edocti
925 3315 1061 3356 nonnos·
1182 3345 1191 3360 .

174 3401 266 3472 ciunt,
299 3415 380 3477 quam
406 3413 493 3475 saepe
518 3395 682 3458 sacerdotes
709 3393 819 3458 t'obulas
845 3398 1058 3482 peregrinarum
