2340 4036
334 267 495 330 ncuocn
515 271 564 333 nr.
587 259 732 332 oo-es‘.
761 351 774 362 .
918 284 985 348 roo

92 436 254 517 papaveris,
277 435 367 496 altera
388 437 487 496 malum
499 439 628 519 gerebat.
670 439 747 516 Mala
769 441 884 512 donare,
906 445 985 504 malis

91 559 151 598 ,nna
172 538 267 608 vesci,
301 557 422 596 amorem
445 539 601 611 indicabat3
636 539 720 598 etiam
742 540 777 598 de
804 542 883 600 malis
913 563 985 602 som·

93 621 174 698 niare
197 638 344 698 candidum
366 639 468 698 amoris
491 659 572 698 omen
594 639 727 700 faciebat.
770 636 925 716 Salices,
950 644 986 703 ad

93 740 260 821 religendas
282 745 312 796 et
332 739 477 817 pedandae
499 740 571 800 vites
593 741 704 822 magnis
725 741 850 814 salictis,
873 745 986 822 quinum

94 848 146 900 aut
168 860 266 899 senum
288 839 388 917 pedum
409 841 507 918 spatiis
530 841 680 902 distinctae
702 849 732 900 et
752 863 803 921 per
825 849 986 923 quincun-

94 961 164 1002 cem
185 941 330 1020 digestae,
360 941 540 1013 serebantur3
567 942 642 1000 iuter
663 963 733 1019 quas
754 945 906 1002 secundum
927 946 986 1002 Pli-

94 1042 173 1100 nium
190 1041 302 1112 XXlll,
326 1049 342 1100 1
366 1061 390 1099 s.
415 1050 453 1102 15
477 1042 624 1100 labruscae
645 1043 761 1113 similia,
789 1047 984 1116 salicastro,

94 1142 279 1221 pullulabant
334 1141 389 1216 llic
421 1141 510 1220 igitur
541 1139 633 1200 facilis
666 1143 786 1200 Galatea
825 1149 987 1220 sequentem

94 1249 238 1322 pastorem
274 1242 363 1300 latere
395 1247 524 1318 poterat,
557 1241 620 1300 nisi·
643 1262 701 1300 nna
729 1262 789 1300 cum
819 1243 866 1300 illo
898 1243 988 1302 latere

95 1343 207 1414 mallet3
229 1341 459 1420 queamdmodum
480 1361 517 1400 ex
537 1341 694 1400 Prudentio
718 1341 758 1420 (c.
771 1344 860 1422 Spar.
875 1344 897 1414 l,
913 1340 987 1423 107)
1069 1351 1070 1354 ’

94 1445 241 1500 hortorum
270 1449 367 1502 custos
389 1443 511 1520 Priapus
538 1461 599 1500 oum
621 1443 721 1501 amatis
748 1443 847 1520 puellis
873 1443 988 1501 ¹rusticis

95 1545 122 1602 io
138 1543 255 1602 salictis
278 1549 307 1602 et
329 1541 478 1601 condensis
500 1542 613 1620 sepibus
636 1543 837 1601 delectabatur.
929 1537 932 1544 ’
955 1549 959 1558 ’

123 1677 128 1690 =
182 1650 331 1704 ott-67.
374 1643 418 1700 Ad
445 1644 517 1702 banc
548 1643 706 1701 cantionem
734 1643 868 1701 Comatae
890 1627 987 1701 Tiren-

93 1743 162 1802 criti
182 1743 282 1802 Lacon
304 1743 338 1814 V,
361 1751 402 1804 90
425 1745 590 1821 respondet:

165 1857 244 1910 Levis
262 1863 288 1909 et
305 1857 417 1910 occurrit
433 1858 535 1925 qnando
554 1857 673 1909 Cratidos
691 1856 723 1908 ad
741 1855 818 1922 ovile,

166 1942 256 1994 Saevit
273 1958 361 2006 amor;
380 1941 454 1994 nitidi
472 1942 562 1992 ludunt
579 1941 612 1992 de
630 1941 725 1992 vertice
743 1941 835 1992 crines.

93 2045 154 2106 Ubi
171 2044 273 2114 atilio,
295 2063 369 2124 qnae
391 2043 547 2122 petulantia
568 2043 739 2102 voluntatem
762 2062 840 2100 snam
862 2043 988 2122 tegebat,

94 2166 169 2226 puer
190 2151 322 2223 proterve
339 2145 468 2202 assiliens
490 2165 586 2222 porum
603 2143 728 2222 jucunde
750 2141 899 2221 discrepat.
929 2143 989 2201 lile·

94 2247 197 2304 malcas
224 2250 316 2301 certat
343 2243 504 2299 obedientia
531 2245 647 2300 duorum
674 2243 840 2314 amicorum,
872 2241 990 2301 formosi
1015 2294 1020 2302 ,

96 2335 283 2420 Amyntac,
313 2346 342 2398 et
362 2339 528 2416 antiquioris
556 2340 661 2397 amicae
682 2339 796 2408 Deliae,
823 2341 886 2417 qni,
916 2342 990 2419 quod

96 2461 189 2519 saepe
211 2439 375 2517 crepusculo
397 2439 458 2509 Vll,
482 2443 522 2498 40
544 2439 669 2497 chortem
689 2439 831 2510 visebant,
860 2459 879 2497 a
897 2443 989 2499 cani·

97 2545 161 2602 aar
181 2540 356 2598 custodibus
387 2539 447 2618 jam
482 2559 538 2597 non
570 2540 746 2598 allatrantur.
802 2539 990 2600 Verecundius

98 2645 155 2701 hoe
182 2649 211 2700 et
238 2640 329 2721 magis
356 2640 509 2717 poblicum,
536 2660 619 2718 quam
646 2639 785 2712 Laconis3
822 2640 887 2711 sed,
915 2639 991 2718 quod

100 2743 168 2800 milri
188 2741 317 2810 videtur,
340 2741 504 2800 Damnatam
525 2761 582 2798 uon
605 2759 768 2818 assequens.
812 2736 993 2800 Notibr'ut

80 2863 168 2918 ,nou
188 2847 237 2902 sit
256 2841 394 2913 canibus
407 2843 483 2916 jem
504 2840 589 2900 Hafa.
613 2841 648 2900 C.

189 2947 333 3003 tta-69.
376 2941 529 3000 Damoetas
550 2947 661 3000 amatae
692 2941 802 3018 puellae
823 2958 922 2996 munus
942 2940 990 2996 de-

104 3042 203 3112 stinat3
225 3042 298 3126 idem
320 3043 395 3118 quod
418 3042 550 3099 Comatae
572 3039 722 3099 Theocriti
743 3039 778 3109 V,
800 3039 857 3099 96:

171 3155 273 3221 Virgini
291 3160 317 3207 et
333 3154 389 3223 ipse
405 3154 487 3207 seram
504 3171 597 3207 monus
613 3155 752 3222 praedulce
769 3152 904 3220 palumbis,

170 3239 293 3306 iunipero
311 3239 428 3290 ablatae:
448 3239 507 3289 nido
525 3237 578 3290 illic
594 3237 700 3290 incubat
715 3237 794 3288 ovas·

105 3341 213 3400 llnstici
235 3345 376 3402 amatores
397 3342 513 3418 pulcbra
533 3340 672 3410 animalia,
694 3339 787 3417 qualia
806 3339 937 3415 Corydon
956 3339 991 3408 ll,

102 3449 152 3513 to,
174 3449 204 3502 et
219 3461 296 3512 aves,
319 3440 454 3519 imprimis
476 3440 628 3511 columbas,
652 3459 723 3517 quae
738 3439 842 3498 Veneri
864 3444 992 3496 sacratae
