2462 4028
211 250 277 312 218
461 239 615 302 ECLOGA
636 241 674 313 X,
696 247 833 306 44-40.
883 291 904 364 ,Ι

209 410 313 469 tionem
335 419 445 471 amatae
466 411 563 489 procul
583 431 602 470 a
619 416 738 487 patria
759 411 859 475 Gallus
880 411 1023 490 queritur:
1047 435 1104 476 nec

209 513 264 570 nisi
285 513 315 572 in
336 511 587 586 nnnoDCCXVll,
610 513 658 590 qui
679 514 756 572 solus
776 513 830 572 hac
850 511 880 574 iu
901 517 997 574 aetate
1007 535 1102 576 onnus

208 615 327 674 hostiles
348 615 377 674 in
398 614 507 673 ltaliam
529 614 706 674 incursiones
727 633 790 674 cum
810 612 886 672 sama
906 617 1100 694 expeditionis

208 717 245 774 ad
271 713 424 777 Menum
454 735 544 794 usque
575 715 669 774 senine
695 715 852 795 conjungit.
894 714 950 775 llio
978 717 1099 776 Cassius

208 825 308 912 auctor
330 825 382 888 cst,
404 837 479 876 anno
501 817 819 876 DCCXVllCaessrem
831 817 1016 877 Octavianum
1037 839 1099 877 om·
1211 875 1212 902 ἢ

206 919 288 978 nibus
317 917 423 978 viribus
452 918 541 976 nisnm
564 938 643 993 esse,
673 925 706 978 ut
727 919 844 978 classem
866 938 945 978 suam
965 919 1096 996 proximo
1211 907 1212 972 l

207 1041 281 1080 anno
310 1041 328 1078 a
356 1021 447 1078 Sexto
473 1021 609 1100 Pompejo
636 1020 773 1081 devictam
800 1019 977 1092 restitueret,
1007 1028 1037 1080 et
1055 1022 1094 1080 ah

205 1122 408 1201 irruptionibus
428 1123 544 1182 victoris
565 1121 689 1193 audacis,
712 1122 759 1200 qui
781 1121 817 1180 oh
838 1120 1002 1180 felicitatem
1014 1142 1094 1180 suam

205 1225 329 1304 Neptuni
350 1223 425 1282 filius
447 1244 510 1284 esse
532 1225 713 1298 credebatur,
740 1243 818 1282 oram
838 1223 937 1285 ltaliae
958 1222 1095 1284 defende·

203 1333 257 1386 ret.
280 1327 386 1386 Novam
408 1325 525 1384 classem
547 1311 699 1404 parandam
720 1332 750 1384 et
770 1331 881 1404 portum
894 1323 999 1384 lulium
1017 1329 1094 1405 apud

202 1429 289 1508 Bajas
315 1428 487 1486 condendum
515 1417 568 1486 Lb.
597 1429 638 1498 ll,
670 1435 746 1498 161,
776 1427 806 1486 in
832 1447 902 1504 quo,
934 1428 1097 1496 secundum

202 1528 384 1598 Suetonium,
406 1548 458 1604 per
478 1535 566 1586 totam
587 1529 704 1589 hiemem
726 1529 774 1588 illa
795 1529 998 1600 exercebatur,
1021 1549 1092 1588 con·

201 1630 254 1688 suli
281 1628 471 1687 committebat
498 1649 535 1686 ex
558 1629 658 1688 Galliis
684 1636 819 1690 revocato
845 1629 1008 1710 Agrippae,
1039 1632 1090 1708 qui

199 1731 262 1791 illas
283 1729 453 1790 rebellantes
474 1728 556 1788 modo
578 1729 737 1805 sedaverat,
760 1733 902 1790 decretum
919 1731 1086 1809 triumphurn

199 1838 307 1894 tantm
328 1836 486 1910 propterea,
508 1831 582 1909 quod
605 1831 738 1892 Caesaris
758 1833 788 1892 in
809 1831 967 1894 infortunio
986 1833 1085 1894 laetari

200 1935 227 1996 ei
255 1934 401 2016 indignum
422 1932 582 2004 videbatur,
610 1933 786 2012 deprecatus.
828 1935 873 1994 ha
893 1940 938 1994 tot
959 1935 1085 2016 negotia,
1211 1953 1212 1956 ,

197 2037 311 2117 inipso
333 2056 408 2096 auno
429 2035 586 2098 DCCXVll
607 2033 742 2114 perfecta,
764 2035 853 2116 prima
874 2043 951 2096 certe
972 2045 1084 2096 aestate

198 2139 293 2200 redire
311 2138 438 2220 Agrippa
458 2137 568 2209 totuin
590 2135 730 2214 inquietas
741 2137 849 2198 Callias
870 2144 1005 2218 pacatum,
1022 2138 1080 2216 jam

197 2241 326 2320 proximo
349 2237 495 2318 superiore
515 2259 589 2298 anno
600 2238 742 2298 DCCXVl
755 2245 834 2298 trans
845 2240 932 2318 Alpes
946 2239 1084 2299 mansisse
1211 2241 1212 2310 l

197 2344 342 2404 debuerat.
385 2342 455 2402 Nam
477 2362 533 2402 non
557 2347 673 2412 ιιιιιιιιιιι,
696 2340 824 2420 Appiano
835 2349 961 2414 auctore,
984 2341 1085 2403 Callus

196 2444 353 2520 Aquitanos
374 2442 492 2502 victoria
513 2443 688 2516 debellabat,
713 2461 769 2520 qua
784 2444 925 2522 jacentem
946 2442 1084 2501 Caesaris

197 2544 290 2602 erexit
311 2543 444 2614 animum3
466 2543 639 2615 sedetiam,
661 2545 850 2604 Romanorum
872 2545 985 2615 ducum,
1008 2543 1083 2606 sicut

195 2645 252 2704 llio
272 2643 397 2723 loquitur
417 2641 572 2715 admirans,
594 2645 681 2716 alter,
703 2652 783 2704 trans
804 2646 933 2706 Rhenum
954 2645 1078 2712 hanah&

194 2751 250 2809 imo
277 2755 345 2808 tunc
372 2745 520 2826 temporis,
549 2747 623 2824 quod
645 2747 749 2806 Strabo
777 2753 874 2806 narrot
894 2753 924 2806 et
946 2746 1077 2816 Tacitus,

194 2852 283 2914 Ubios
304 2851 334 2910 in
355 2849 443 2928 ripam
464 2849 605 2908 sinistram
626 2847 787 2909 traduxisse
808 2848 940 2920 creditur,
962 2868 1080 2926 quornm

193 2955 261 3014 urbs
287 2959 387 3036 postea
417 2971 468 3032 per
494 2951 555 3032 ejus
581 2957 692 3029 neptem
718 2949 902 3030 Agrippinam
922 2951 1080 3010 Romanam

193 3056 330 3116 coloniam
367 3072 524 3132 nomenque
557 3051 692 3112 Coloniae
722 3052 937 3133 Agrippinensis
972 3047 1079 3130 (hodie

191 3155 283 3238 Kdln]
310 3156 428 3235 aceepit.
471 3157 550 3237 Ergo
579 3154 685 3226 Gallia,
718 3153 861 3214 intestinis
887 3155 1083 3214 Romanorum.

192 3259 317 3318 excitata
329 3257 488 3329 discordiis,
510 3278 527 3316 a
539 3256 694 3334 Pyrenaeis
707 3256 742 3314 ed
755 3257 881 3316 Rhenum
894 3275 991 3334 nsque,
1014 3275 1077 3315 cum

191 3357 285 3436 aliquo
310 3365 391 3438 parte
418 3357 645 3416 Germanicorum
673 3357 830 3418 accolarum
855 3377 934 3418 arma
960 3363 1075 3437 ceperat

190 3463 219 3520 in
240 3459 397 3520 libertatem
417 3475 450 3521 sn
469 3457 636 3519 vindicatum
658 3458 746 3532 hul,
769 3463 841 3526 509.
863 3459 958 3520 Motus
980 3463 1071 3520 autem
