2380 4028
344 275 497 338 maaet
516 277 564 348 vr,
591 281 739 338 er-ur.
938 283 987 348 aa

7 461 8 502 l
88 444 207 504 tudinis
243 443 419 522 depositione
452 446 602 524 depressae
632 445 742 524 pondus
767 443 864 515 Faus,
903 445 986 504 etiarn

87 547 323 606 commendatur.
366 547 511 606 iohannes
532 547 659 604 Tnetnes
676 545 850 623 Byzantinus
872 545 987 624 prinu·

7 667 9 678 ¹
89 667 147 727 per
179 669 238 708 aaa
267 653 426 728 angustas,
459 648 509 706 sed
536 647 681 728 elegantia
708 653 738 706 et
764 647 916 726 gravitate
933 647 988 706 cir·
1025 655 1028 662 ’

92 751 289 828 cumsacripto
319 748 421 808 limites
448 749 577 816 Graecae
604 747 723 826 rhythmi
744 748 910 828 agitationis
930 745 988 807 turs

93 851 308 930 saeverapit,
335 857 367 908 nt
396 869 487 910 navae
515 857 578 927 post
599 869 661 908 eanr
683 847 790 909 saronae
811 858 861 909 eat
882 849 989 908 difficili

93 951 223 1033 negatio
256 959 305 1011 aat
326 952 408 1030 plane
432 950 629 1011 naa-inveniri
652 951 769 1028 possint.
813 951 919 1011 Nostra
940 969 989 1010 nu·

93 1059 154 1112 tera
179 1053 277 1134 gloria
299 1073 334 1111 ne
356 1053 410 1124 sit,
431 1052 559 1113 versitas
581 1052 616 1110 ed
639 1051 826 1129 Byzantinuar
848 1053 990 1131 exemplar

94 1154 255 1214 Ger-anie
277 1162 378 1212 eontra
399 1153 548 1212 ilaruerura
570 1171 749 1231 concurrere,
772 1154 822 1212 sad
844 1154 879 1212 ad
902 1155 990 1212 Grae·

95 1275 163 1316 cour
187 1256 333 1334 exemplar
350 1254 498 1314 Germanis
520 1273 582 1312 curn
603 1273 644 1318 ea,
660 1254 840 1314 contendere.
967 1279 970 1288 ⁴

188 1365 337 1418 67-71.
381 1357 412 1415 ln
440 1355 577 1414 Helieone
605 1363 712 1426 suante,
741 1355 890 1436 Aganippe
910 1353 991 1414 toute

95 1458 134 1518 ad
174 1460 286 1518 laevam
318 1457 453 1528 relicto‚-
470 1455 628 1516 Pausanias
663 1457 698 1516 ad
724 1457 867 1516 Musarum
895 1477 990 1517 marus

96 1568 183 1620 recta
206 1560 396 1630 adscendens,
426 1558 541 1638 primu·
563 1559 713 1640 inrsginern
735 1559 906 1638 Euphemes,
928 1559 991 1618 ltn-

97 1681 199 1720 suranr
229 1661 364 1733 nutricis,
396 1667 426 1720 et
447 1668 547 1739 postes
568 1659 691 1720 Limne
711 1660 740 1718 in
762 1681 850 1739 parva
870 1679 939 1741 rupe
961 1660 989 1719 in

97 1771 217 1822 antrarn
244 1763 342 1822 excisa
369 1761 491 1832 invenit,
518 1761 563 1820 cai
590 1761 741 1840 quotannis
760 1769 827 1822 sate
848 1763 991 1822 ldasarnsr

98 1862 288 1924 sacrificium.
307 1861 426 1922 inseriae
456 1861 629 1922 ferebantur.
677 1863 742 1921 late
768 1863 872 1934 Linus,
909 1883 991 1942 quesn

99 1963 243 2024 Thehaai
264 1985 282 2022 a
303 1967 475 2042 posteriore,
506 1964 626 2022 lsmenio
648 1963 849 2043 cognominato
871 1966 919 2035 lv,
941 1969 990 2035 56,

100 2065 247 2145 Apollinis
277 2064 351 2137 lilia,
383 2065 531 2126 Herculem
559 2064 739 2134 instituente,
771 2064 992 2146 distinguebant,

100 2168 142 2228 ab
178 2167 285 2267 Urania
316 2168 399 2227 Mose
432 2174 462 2226 et
488 2137 523 2226 ah
550 2165 742 2244 Araplrinrara,
774 2165 897 2244 Neptuni
922 2165 992 2238 lilia,

102 2269 249 2348 originem
277 2267 375 2339 duxit3
402 2286 499 2326 omnes
525 2267 651 2324 homiues
673 2274 703 2324 et
723 2267 845 2346 ejusden
867 2275 897 2326 et
918 2268 993 2346 prio·

103 2351 326 2428 rnm'aetutiam
348 2375 449 2426 asotos
470 2367 563 2448 gloria
584 2367 736 2445 superavit,
758 2375 788 2426 et
803 2369 837 2427 alr
854 2369 992 2448 Apolline,

105 2485 229 2551 quocum
251 2487 283 2556 pe
303 2475 523 2547 compossuerat,
545 2467 711 2528 interfectas
732 2464 785 2528 e'st.
807 2454 877 2550 Ejus
891 2488 992 2531 auerso·

105 2573 179 2632 riam
202 2577 334 2630 anonas
356 2569 490 2650 peculiari
512 2569 654 2649 pudorata,
684 2571 772 2632 Lisso
794 2571 853 2634 sive
874 2572 992 2634 Ailiso

107 2675 201 2745 dicto,
233 2672 377 2743 colebant,
406 2673 494 2750 qaod,
525 2674 753 2750 quenadmodum
774 2673 938 2736 lioststhias
960 2676 991 2734 ll.

107 2776 217 2846 XVlll,
241 2782 311 2836 570.
334 2794 373 2834 ax
392 2773 525 2853 Euripide
546 2773 643 2845 refert,
665 2774 739 2834 inter
759 2776 863 2836 luctarn
885 2785 915 2836 et
935 2777 992 2836 lae-

109 2877 201 2936 titiam
232 2877 386 2947 canehant,
418 2896 437 2935 a
469 2874 659 2946 confidentia,
684 2883 725 2934 ut
754 2875 880 2946 videtan
909 2876 993 2938 arianis

111 2984 202 3037 seruet
222 2976 404 3036 dehortaturi.
447 2976 543 3042 Quare
564 2975 722 3036 Hesiodus:

95 3174 99 3182 f
182 3109 325 3179 Uranieqae
342 3107 435 3160 Linum
453 3115 538 3160 catara
555 3106 656 3174 peperit
672 3104 721 3158 sibi
738 3107 851 3174 prolem,

181 3195 278 3260 Queat,
303 3197 429 3262 quotquot
445 3196 576 3260 praestent
593 3190 708 3242 homines
725 3199 801 3244 canta
818 3192 973 3264 citharaque,
1089 3228 1094 3232 -

182 3278 278 3330 Omnes
294 3279 373 3346 inque
389 3275 473 3329 circas
489 3277 592 3344 plorant
607 3274 682 3328 laetis
699 3275 858 3346 epulisque,.

180 3360 614 3432 Principioqaetinumeleunent,
632 3361 742 3428 Queat
758 3364 890 3418 abeuntes.

114 3483 275 3546 madon
295 3481 418 3557 sahulas,
450 3499 523 3562 quse
542 3481 699 3563 perierant,
720 3483 826 3556 Linus,
847 3505 937 3567 acque
950 3453 1005 3550 ac
