2412 4028
347 257 501 320 ECLOGA
523 258 557 318 ll.
581 261 727 321 tt-ao
943 273 990 335 οὔ

98 431 244 513 expressit.
288 429 388 489 Allium
410 431 539 500 lilim,
563 443 666 507 torena
688 428 748 490 siae
769 428 895 508 ternam,
917 431 988 496 dors

97 535 129 593 ali
150 530 292 612 angustiis
314 530 343 590 iu
365 528 541 589 latitudinem
562 546 627 587 sese
647 528 772 601 laxante,
795 531 936 596 stantibus
957 535 987 597 in

97 634 186 694 medio
207 631 315 703 crocis,
337 631 420 710 qualo
442 629 524 690 nolis
545 627 664 709 vulgare
686 637 738 701 est,
761 649 817 690 unu
838 651 900 694 oum
923 655 988 698 nur-

97 735 167 795 ciuso
189 719 270 792 trans
291 731 381 792 muria
409 729 498 810 priam
519 727 587 792 voro
608 729 718 790 Plinius
729 728 760 810 ⁶)
782 730 884 795 florere
910 737 987 812 dicit,

95 857 149 895 nou
171 834 261 894 multo
288 830 464 912 partricius
484 831 528 903 X,
552 835 607 903 2⁵3
642 830 672 890 in
694 831 776 894 ltalia
796 843 862 914 post
882 857 987 902 ronam.

96 936 239 996 seriorem
264 933 384 1012 aliquam
414 932 535 1011 speciem
557 930 694 1012 Virgilius
720 932 884 1014 significor-n
910 941 987 1002 vido.

96 1045 172 1110 tur,·
189 1054 262 1115 qaue
289 1034 317 1094 in
344 1033 444 1094 Sicilia
469 1049 582 1110 quoque
611 1030 688 1090 eirca
719 1033 868 1096 solstitium
894 1037 987 1103 floret.

102 1139 218 1210 itala,
241 1133 303 1209 loa,
325 1139 443 1214 propter
464 1133 581 1192 odorum
602 1130 810 1192 similitudinem
831 1157 849 1196 a
870 1141 989 1203 Graecis

96 1246 126 1298 et
145 1236 280 1296 Romulia
302 1255 355 1315 par
375 1233 476 1292 llorum
497 1232 692 1312 appellabatur
712 1253 823 1314 genero
843 1239 1001 1322 dissimile,

94 1339 211 1418 Nigra
230 1339 340 1410 uiola,
364 1335 526 1413 μελανιον,
547 1334 651 1394 eximie
671 1331 735 1410 lor,
757 1341 849 1398 viola
869 1345 988 1421 so'laeoro·¹

95 1446 169 1514 trie,
194 1457 267 1519 quae
287 1436 385 1500 Martii
405 1435 510 1496 mensis
532 1443 586 1508 est,
610 1442 640 1495 et
660 1437 735 1496 lumi
756 1439 889 1517 pullulat3
909 1463 988 1506 cass·

95 1545 176 1602 olida
196 1542 291 1600 aiolo
309 1539 369 1602 sive
389 1537 542 1612 lsuaoi'or,
572 1540 665 1598 uiola
685 1544 812 1614 samaa,
836 1545 917 1624 cujus
937 1545 988 1606 llo·

94 1663 139 1704 rcs
160 1664 178 1702 e
200 1641 339 1705 fruticoso
361 1639 441 1700 caulo
462 1645 601 1720 surgunt,
624 1659 643 1698 a
663 1638 739 1700 foliis
761 1661 833 1702 cana
853 1644 990 1729 lanugine

95 1743 224 1804 obductis
258 1741 473 1814 nominabatur3
510 1739 739 1818 quemadmodum
770 1743 843 1804 sline
878 1765 991 1828 quoque

93 1847 211 1924 plantae
237 1864 265 1905 v.
286 1864 317 1924 g.
346 1842 450 1902 hedera
475 1839 530 1900 Lo
553 1839 606 1911 ll',
630 1845 693 1902 1²4
719 1843 805 1924 nigra
831 1843 933 1908 fronde
961 1857 992 1909 et

94 1947 217 2006 candida
243 1943 499 2024 distinguebantur.
550 1942 595 2000 Ad
622 1941 723 2002 violam
754 1945 887 2019 sativam,
919 1969 992 2028 quae

94 2046 277 2118 defloruerat,
299 2044 392 2106 Ovidii
413 2047 502 2104 arrio
523 2061 585 2102 aas.
608 2042 679 2102 haec
699 2045 845 2122 pertinent
861 2047 910 2121 lll,
934 2057 992 2114 67:

159 2161 220 2214 Hos
237 2175 305 2225 ego,
323 2158 369 2227 qni
385 2163 493 2221 canent,
511 2155 617 2209 frutices
634 2156 742 2210 violaria
752 2147 821 2214 ridi.

91 2250 175 2308 llaec
195 2247 274 2310 viola
294 2243 405 2311 sadra,
427 2261 500 2319 quae
520 2243 708 2318 peculiaribus
729 2241 887 2309 seminariis
910 2249 992 2331 (σεο.

93 2351 203 2410 larir's
216 2345 286 2402 llor.
308 2343 344 2402 ll.
367 2341 419 2399 (ld.
436 2344 486 2410 15,
509 2344 542 2420 5)
566 2341 718 2412 colebatur,
741 2344 825 2404 etiam
847 2356 913 2408 ante
933 2354 994 2412 rio·

92 2452 136 2509 las
165 2447 238 2506 istae
264 2443 423 2517 silvestres,
451 2460 524 2520 quae
550 2461 588 2500 ex
613 2460 754 2520 purpureo
776 2444 805 2504 in
833 2452 993 2513 coeruleum

95 2550 221 2612 colorem
239 2544 384 2615 inclinant,
405 2540 534 2612 florebat,
557 2541 607 2602 sed
625 2542 801 2606 diuturniore
822 2557 992 2628 constantin,

95 2650 215 2710 floribus
235 2646 316 2716 allis,
338 2645 486 2724 purpureis
508 2650 537 2702 et
556 2643 657 2717 luteis3
677 2644 764 2718 lutea,
787 2651 867 2730 eujus
883 2655 993 2733 species

96 2753 192 2830 aliqua
219 2754 369 2808 auctumno
398 2745 533 2816 florebat,
566 2745 640 2822 apud
661 2747 790 2807 medicos.
811 2753 921 2830 quidem
943 2757 993 2815 im·

96 2851 196 2932 primis
223 2849 252 2908 in
285 2849 393 2906 honore
419 2853 490 2906 erat.
539 2845 726 2906 Pallantem
755 2854 893 2926 violam,
927 2856 994 2916 milri

98 2951 196 3031 opinio
217 2957 277 3022 est,
300 2949 437 3014 λευκοιου
458 2946 619 3007 universum
640 2967 734 3030 genua
756 2951 913 3029 complecti,
936 2976 993 3017 non

99 3051 231 3133 diligenti
252 3051 327 3110 inter
348 3049 458 3108 colores
487 3045 586 3106 florum
608 3047 768 3108 discrimine
789 3049 881 3125 facto,
914 3057 994 3117 mini·

99 3174 199 3232 meque
225 3152 255 3211 id
280 3151 408 3221 obstare,
447 3149 523 3229 qnod
549 3145 647 3208 fuscae
674 3148 759 3210 foeiei
780 3152 914 3230 pallorem
943 3158 995 3217 ali·

101 3255 212 3334 quando
233 3251 370 3311 Horatius
398 3269 460 3311 curn
479 3251 558 3309 lutea
578 3247 669 3320 viola,
701 3256 733 3310 ut
754 3271 827 3331 quiae
848 3257 993 3339 vulgatior

105 3387 307 3401 -—————-

170 3469 199 3537 ·)
233 3463 632 3532 aemmorrousae.
771 3534 793 3598 5
