2444 4020
410 265 565 327 ucenae
587 265 754 328 uennvu.
964 277 1027 344 101

329 435 836 523 ALPHESIBOEUS.

197 581 432 666 Efferaquarn,
445 591 479 647 et
488 583 577 648 molli
590 585 688 668 cinge
701 585 786 649 haee
798 583 918 648 altaria
928 583 1024 652 vitta!

130 681 375 770 verbenasque
404 684 502 748 ariole
530 685 671 772 pingues
703 694 737 750 at
759 685 911 750 uraseuia
932 689 1069 760 taraus

134 783 293 866 Oanjupris
317 794 352 849 ut
376 785 515 868 uragieis
538 809 639 849 sanos
662 795 815 851 avertere
839 788 946 852 saeris

130 883 296 972 Experiar
319 908 454 965 sansus3
478 887 554 949 nihii
579 888 638 950 uisi
664 889 813 952 errrruiua
836 884 974 953 desunt!

195 985 319 1054 Ducite
342 987 385 1051 ab
408 987 490 1053 urba
513 991 663 1069 doraum,
688 1011 764 1052 urea
786 990 946 1071 earmina,
970 992 1025 1054 du·

540 1089 605 1151 uita
630 1087 793 1172 Daphnin.

132 1203 292 1269 Carmina
325 1205 380 1268 vel
408 1203 504 1268 eaelo
532 1213 672 1290 possunt
699 1209 866 1271 deducere
894 1206 1022 1288 lunam3

132 1301 341 1369 Carminibus
365 1305 463 1370 Girae
487 1309 596 1370 socias
620 1306 757 1372 mutavit
781 1306 885 1388 Uiixi3
1023 1308 1067 1372 7⁰
1139 1371 1143 1384 ,

130 1404 286 1490 Frigidus
316 1406 348 1469 in
380 1407 485 1492 pranis
514 1410 680 1472 carnaudo
708 1409 869 1492 rumpitur
891 1409 1020 1494 anguis.

193 1505 315 1572 Dueita
339 1507 380 1572 ab
404 1507 486 1574 urbe
509 1511 659 1592 dannan,
684 1531 760 1573 rnaa
782 1509 943 1595 earmina,
967 1515 1022 1576 du·

428 1681 433 1692 ,
538 1611 604 1675 cite
628 1607 791 1696 Daphnin.

130 1724 249 1792 Ter-ua
270 1725 328 1790 nbi
350 1726 436 1792 baso
458 1727 597 1812 primunr
622 1729 741 1814 tripiici
759 1730 891 1794 diversa
907 1730 1020 1796 colora

127 1827 227 1894 Lieia
249 1827 434 1908 eirouurda,
458 1837 574 1911 terque
598 1830 685 1898 huna
708 1829 829 1894 altaria
850 1830 975 1896 eirourn

125 1926 286 2010 Effigiem
320 1929 420 1991 duno:
456 1949 593 1992 nurnero
622 1932 704 1992 deus
733 1931 860 2013 impare
883 1928 1062 2013 gaudem

193 2025 315 2094 Ducite
339 2025 380 2092 ab
403 2026 485 2092 urbe
509 2029 654 2110 doraum,
677 2049 754 2092 mea
776 2028 942 2110 earmina,
965 2031 1020 2094 du·

537 2128 603 2194 uite
625 2128 790 2212 Daphnin.

125 2247 238 2312 Naana
259 2245 364 2310 trihus
383 2245 481 2310 nodis
503 2255 639 2327 ternos,
672 2246 846 2329 Amarylli,
870 2246 1019 2327 anieron

127 2345 455 2430 Naoia‚A1narylli,
478 2348 593 2410 mador
618 2357 662 2429 et,
684 2347 841 2435 Veneria,
865 2347 928 2431 die,
952 2347 1018 2412 vin·

535 2448 613 2512 auia
634 2457 745 2516 nacto.

191 2563 314 2631 Duaita
336 2561 379 2629 ab
402 2564 483 2631 urba
505 2567 654 2649 domurn,
678 2587 756 2631 mea
777 2565 938 2650 earmina,
962 2568 1017 2635 du·

533 2670 600 2732 uite
623 2666 786 2754 Daphnin.

126 2770 243 2834 Limus
261 2778 297 2834 ut
312 2769 367 2833 hio
385 2769 542 2851 durescit,
566 2777 601 2834 et
620 2769 705 2834 haee
721 2781 756 2833 ut
769 2789 850 2834 aera
861 2767 1060 2854 liqnasaitffl

127 2869 199 2934 Uno
219 2873 402 2952 eoriernque
421 2871 503 2953 ignir
527 2871 707 2934 danastro
726 2869 877 2952 Daphnis
889 2889 1015 2936 arnora.

126 2969 261 3054 Sparge
292 2971 433 3051 molam,
467 2979 501 3034 ut
528 2969 670 3051 fragiles
693 2971 834 3035 inaeuda
856 2967 1014 3037 bitumine
1072 3031 1081 3040 .

531 3068 656 3133 laurus.

124 3169 275 3256 Daphni·
298 3191 351 3236 rna
375 3167 482 3234 malus
505 3167 585 3232 urit:
610 3189 673 3252 ego
691 3171 778 3237 hana
788 3170 820 3236 in
837 3169 1012 3268 Daphnide

531 3269 670 3335 laurum.

188 3371 311 3438 Ducite
333 3351 375 3436 ab
398 3371 479 3438 urbe
502 3371 651 3455 domurn,
676 3393 751 3438 maa
773 3374 933 3460 earmina,
957 3378 1012 3444 du·

532 3471 598 3539 eina
621 3473 788 3562 naphnin:
