2444 4020
123 195 143 246 Ἰ
166 251 230 316 sno
385 239 634 312 ucuounvrn,
659 247 838 304 ror-noa.

167 413 256 484 mine,
295 418 467 492 postremum
490 407 689 468 efficacissima
713 428 840 488 quaeque
864 407 1009 470 veneficia
1031 432 1077 470 ex

168 516 263 574 Ponto
284 513 480 572 adolebantur.
522 511 584 570 Hos
605 516 736 580 cineres
751 509 824 568 loris
840 511 922 570 socia
934 511 965 569 in
980 512 1073 573 rivu-

169 614 315 686 fluentem,
337 621 493 673 retrorsum
511 631 565 670 nec
583 612 753 692 respiciens,
777 611 926 672 demittere
940 613 1072 692 jubetur.

170 719 312 783 Quorsum
334 695 422 774 haecl
460 713 609 792 Reliquiae
633 733 780 772 sacrorum
805 713 966 773 lustralium
983 722 1013 773 et
1028 715 1074 774 ci-

170 837 254 876 neres
283 823 470 876 crematorum
491 821 687 894 portentorum
702 815 733 872 in
757 833 834 874 mare
854 815 951 872 autin
967 835 1074 893 aquom

169 917 309 978 fiuvialem
337 916 557 996 dejiciebantur,
592 917 630 975 ad
652 916 776 998 vestigia
793 895 922 994 quaeque
938 917 1072 976 delenda.

171 1021 251 1100 Ergo
272 1020 366 1098 puella
383 1017 505 1076 crudelis
522 1017 589 1074 nihil
610 1018 664 1076 sihi
676 1018 824 1096 proposuit
837 1017 964 1088 minoris,
986 1037 1070 1094 qnam

170 1127 204 1180 ut
224 1120 400 1199 Daphnidem
417 1139 497 1178 suum
515 1117 652 1179 ueneficio
669 1126 767 1178 necet:
800 1126 846 1189 ut,
882 1119 952 1178 cinis
973 1139 1073 1196 quem-

172 1222 320 1281 admodum
343 1221 503 1280 incantatus
522 1219 667 1300 imaginis,
700 1219 743 1279 sic
765 1219 828 1298 ipse
850 1220 885 1278 de
909 1227 988 1279 terra
1005 1240 1073 1280 eva-

172 1328 282 1381 nescat.
326 1323 383 1380 Sed
402 1322 563 1401 priusquam
579 1321 700 1380 cinerem
722 1340 760 1378 ex
778 1341 829 1380 ara
846 1320 966 1400 collegit
982 1327 1014 1379 et
1029 1319 1072 1379 fa·

172 1423 266 1482 mulae
293 1423 425 1496 tradidit3
464 1421 574 1483 damma
603 1421 710 1480 indicat
732 1422 861 1493 elucens,
904 1421 1071 1482 veneficium

172 1523 310 1610 spuisse,
339 1530 369 1583 ct
391 1525 506 1582 crudele
529 1523 676 1582 consilium
699 1522 859 1582 omittitur..
891 1525 955 1582 Non
977 1516 1069 1582 minus

169 1613 277 1682 ‘acerbe
305 1611 531 1700 pharmaceutria
562 1623 707 1684 sentiebat
727 1623 881 1683 Theocriti
906 1623 958 1683 suh
986 1623 1070 1684 tinem

174 1721 436 1784 estiomenus:
506 1755 510 1761 ·

275 1854 382 1908 Philtris
398 1853 511 1922 defigam
528 1857 653 1924 primum
670 1858 692 1909 si
709 1858 814 1909 laedere
831 1863 933 1925 perget,
1048 1917 1051 1922 Δ
1089 1891 1097 1896 -

275 1941 395 1994 Plutonis
410 1940 520 2005 faciam,
538 1955 586 2008 per
602 1940 712 1994 Parcas!
731 1943 817 2008 pulset
833 1947 862 1994 ut
879 1943 967 1994 aedes.

277 2026 331 2078 'l'ot
348 2029 416 2078 mala
434 2026 538 2091 clauso,
556 2031 629 2092 puto,
647 2042 723 2078 servo
741 2026 912 2078 medicamina
928 2026 1000 2079 cista.

176 2128 308 2187 Tiresias
333 2147 428 2209 augur
445 2129 519 2207 apud
537 2128 723 2186 Theocritum
743 2129 857 2200 XXlV,
884 2139 939 2204 91,
967 2131 1068 2190 draco-

175 2248 242 2302 nes,
268 2230 365 2309 jubet,
400 2229 435 2288 ab
464 2229 587 2289 Hercule
609 2227 718 2289 infante
741 2229 899 2290 suffocatos
920 2232 1071 2294 sarmentis

176 2347 288 2389 eximus
304 2350 437 2390 cremari:

277 2463 357 2512 Mans
373 2465 445 2524 legat
462 2463 562 2514 cineres
579 2463 676 2526 ignitos
694 2479 769 2516 serva
787 2463 915 2530 canistris,

278 2543 364 2594 Trans
380 2543 539 2610 fluviumque
555 2543 632 2612 serat,
649 2548 766 2599 studiose
783 2555 889 2616 spargat
906 2553 933 2600 et
946 2565 1035 2601 omues

278 2628 306 2679 ln
325 2627 445 2692 scopulos
463 2628 585 2692 scabros,
603 2635 675 2682 treus
693 2631 774 2696 lines3
794 2631 851 2700 ipsa
868 2633 952 2710 redito

197 2779 201 2786 υ
276 2710 337 2764 Non
354 2725 383 2764 se
399 2716 560 2764 convertens.
598 2784 601 2796 ,

92 2865 100 2875 ,
176 2832 214 2890 llt
230 2831 260 2890 in
276 2833 410 2912 Euripide
425 2833 559 2894 Androm.
583 2841 642 2895 293
662 2843 792 2915 optatur,
820 2845 853 2898 ut
873 2838 975 2898 malum
995 2837 1072 2898 lutu-

176 2952 238 2994 rum
265 2943 355 2996 mater
377 2936 504 3008 Paridis,
536 2935 673 2995 infantem
694 2957 795 2998 recens
822 2947 931 3010 natum,
963 2957 1074 3013 supra

176 3050 280 3110 caput
306 3039 504 3120 transjecerit.·
524 3039 681 3116 ‚Quonam
712 3039 798 3110 alias,
840 3039 894 3098 nisi
918 3039 946 3096 ia
974 3042 1075 3099 murel

177 3137 417 3200 Quemadmodum
440 3139 514 3200 hello
539 3137 664 3210 Punico,
698 3140 782 3200 Livio
810 3147 928 3200 auctore
948 3141 1073 3212 XXl'll,

178 3244 229 3307 37,
253 3241 373 3302 Romani
390 3247 598 3299 monstruosum
613 3241 732 3300 hominis
748 3243 1073 3320 portumtrarrsfines‚

177 3339 274 3413 procul
304 3361 322 3398 a
354 3340 531 3399 continentis
547 3341 642 3402 terrae
668 3341 853 3422 contagione,
899 3355 1071 3403 extorrem

173 3441 298 3509 procul
312 3452 425 3499 terrae
441 3451 603 3514 contacta,
626 3444 684 3502 alto
701 3443 771 3502 mari
783 3444 961 3525 mergebant.
1004 3441 1069 3502 Ri-
