2340 4036
161 279 211 354 pq
425 267 579 330 aennon
601 268 636 328 u.
659 271 804 332 oo-oa

169 437 315 508 haberent,
345 455 417 516 quos
435 437 530 517 pluvia
550 399 749 510 madefaceret,
772 434 905 496 hiemales
926 435 964 496 od
982 437 1080 497 meri-
1162 523 1164 534 Ι

171 539 258 612 diem3
279 539 316 600 nd
337 539 553 618 septemtriones
571 540 669 598 hortos
691 537 829 610 aestiuos,
852 544 886 596 ut
901 537 1001 596 umbro
1024 557 1079 598 es-

171 646 224 699 set.
267 640 389 699 Floret
408 640 498 720 igitur
517 640 564 700 bio
587 646 667 710 sunt,
690 639 738 718 qui
761 639 806 700 vel
818 641 960 712 fruetus
983 659 1079 718 prae-

171 747 274 820 parant
287 741 332 800 vel
353 743 480 800 odoros.
524 741 694 812 Perdite-r,
718 739 833 799 libidine
847 740 926 818 quasi
942 739 1077 818 periens,
1164 777 1165 812 p

89 845 93 852 '
172 860 269 901 amens
287 841 374 920 Prop.
400 842 421 912 l,
443 849 493 912 1³,
513 848 549 903 7:
574 841 672 900 eodem
694 842 777 900 modo
798 841 858 900 llel.
875 841 950 911 Vlll,
968 847 1010 902 88
1035 842 1078 901 de
1164 821 1165 826 ἵ

171 961 259 1004 vacea
272 941 454 1020 pruriente,
490 941 593 1003 Varius
617 941 653 999 de
679 939 794 1002 fervore
823 941 902 1000 oanis
934 941 1076 1002 venatioi.

172 1042 297 1102 Fontes
319 1043 348 1102 in
371 1041 456 1102 terris
479 1041 659 1102 calidioribus
682 1042 717 1102 ab
740 1043 775 1106 iis
799 1041 944 1120 imprimis,
971 1041 1075 1120 quiin

174 1143 292 1202 saltibus
311 1150 439 1223 poscunt,
467 1143 539 1204 tanti
555 1141 748 1214 aestimantur,
775 1149 816 1213 ut,
837 1146 942 1216 neptis
962 1149 994 1201 et
1009 1161 1076 1200 ιιι(-

174 1245 226 1304 hro
253 1246 306 1304 tuti
318 1287 328 1317 ,
362 1245 503 1325 religione
531 1251 562 1304 et
587 1231 738 1303 carminum
766 1242 941 1322 popularium
966 1241 1076 1302 subulis

175 1351 393 1418 consecrantum
423 1345 497 1424 quod
524 1346 623 1404 mirum
648 1344 687 1403 sit
713 1344 852 1402 interdum
877 1342 928 1414 iis,
962 1345 1011 1422 qui
1035 1345 1075 1403 ab

175 1445 294 1504 humidis
318 1445 563 1524 septo-trionibus
582 1445 801 1526 peregrinantes
818 1445 870 1504 lras
887 1452 982 1504 terras
1004 1445 1076 1505 ade

175 1551 236 1606 unt.
279 1546 395 1606 Homeri
415 1545 520 1628 odyss·
534 1545 625 1618 XVll,
645 1551 721 1608 204:

115 1747 119 1753 ι
210 1711 348 1780 Quumque
366 1711 493 1766 viatorum
509 1728 558 1782 par
575 1711 733 1768 concedebat
750 1711 783 1764 ad
800 1712 900 1778 urbem,

209 1793 360 1860 Ingrediens
378 1796 501 1862 salebris,
524 1795 592 1848 dulci
609 1798 745 1866 stabatque
762 1795 935 1865 propinquum

209 1878 302 1931 Fontis
319 1895 416 1948 aquae,
435 1881 505 1933 aives
521 1880 612 1933 latices
629 1897 681 1949 quo
698 1879 770 1933 sonte
786 1879 918 1947 petebant,

211 1963 295 2019 Quem
313 1969 433 2018 sanxere
447 1963 565 2030 Ithacus,
582 1968 638 2016 turn
654 1964 760 2018 Neritus
777 1965 855 2032 atque
868 1964 1003 2029 Polyoton

211 2047 288 2102 Circa
304 2051 445 2116 populeum
462 2049 508 2104 sed
526 2047 600 2116 aquis
617 2047 707 2102 aderat
723 2063 815 2100 namus
832 2049 921 2111 aluum,

211 2133 282 2182 Orbe
300 2138 384 2186 satum
401 2133 461 2185 hino
478 2138 556 2202 atque
573 2131 648 2196 hinc,
665 2131 749 2196 frigus
766 2129 875 2184 saliebat
892 2135 920 2183 et
937 2132 1035 2198 undae,

211 2211 329 2281 Rupibus
347 2230 363 2267 a
379 2214 497 2282 superis,
515 2213 684 2284 nympharum
702 2220 729 2268 et
745 2220 842 2272 abiecta
860 2221 915 2267 erat
932 2231 987 2280 ara,

211 2297 270 2353 Qua
287 2293 465 2354 donis'suevit
482 2315 576 2352 numen
594 2301 697 2368 placare
714 2299 806 2352 viator.

177 2452 279 2527 Apri,
301 2455 349 2532 qui
363 2473 425 2514 eum
444 2455 618 2534 cognatione
631 2451 838 2526 mansuefacta,
862 2452 892 2512 in
909 2454 969 2512 luto
984 2452 1076 2514 liben-

178 2561 223 2612 ter
242 2555 407 2614 volutantur
422 2554 477 2613 Lb.
500 2554 549 2624 lll,
566 2559 638 2623 411,
652 2551 759 2615 iontem
774 2552 1001 2632 liquidissimum,
1019 2554 1077 2614 nisi

178 2653 266 2733 sqrtis
287 2654 467 2724 arcebantur,
486 2653 679 2732 inquinabant.
723 2654 862 2726 Fontes,
889 2661 1006 2734 putens,
1027 2655 1078 2734 qui

179 2754 306 2833 pluribus
328 2774 366 2814 ex
384 2753 465 2816 venis
483 2753 601 2814 eonlluit
616 2755 650 2826 V,
664 2761 715 2818 40.
733 2755 794 2827 Vll,
812 2757 863 2816 db.

264 2861 409 2917 60-65.
453 2853 628 2933 Quamquam
653 2856 719 2934 qnid
744 2857 861 2936 loquorl
905 2857 970 2935 lpse
997 2854 1077 2937 agri-

178 2955 244 3016 oolo
258 2956 333 3016 baud
356 2955 594 3028 contemnendus,
620 2956 675 3014 imo
694 2975 763 3035 prae
779 2957 896 3016 urbanis
917 2956 1077 3016 hominibus

180 3056 280 3116 beatam
295 3064 349 3116 est.
392 3057 502 3116 llleeum
519 3061 550 3114 tu
569 3057 670 3118 beatus
687 3056 737 3128 sis,
758 3057 806 3135 qui
823 3064 880 3118 um
897 3056 1025 3124 suaviter
1045 3065 1076 3116 ts

68 3207 76 3220 .
180 3159 282 3218 omem!
305 3189 349 3204 -
392 3157 563 3229 Quemnam,
584 3157 714 3229 demens,
737 3155 835 3239 fugiri
858 3177 939 3218 mene
962 3158 1077 3240 agrino

179 3259 253 3318 lami
296 3257 354 3336 lpai
374 3257 422 3318 llii
445 3257 535 3338 atque*
548 3259 659 3319 lleroda
682 3257 768 3319 ultam
793 3259 822 3318 in
844 3259 963 3320 saltibus
980 3265 1077 3342 pasto·

180 3358 266 3418 ralam
288 3359 444 3438 degebant!
489 3361 620 3420 Eandem
643 3379 701 3420 ram
721 3359 834 3440 juvenis
856 3357 1007 3418 Theocriti
1026 3359 1082 3418 hu·'

180 3459 277 3522 buleus
300 3459 368 3534 XX,
387 3469 425 3522 ³³
447 3461 566 3540 puellam
585 3461 719 3524 urbanam
735 3469 765 3522 ot
781 3460 957 3525 tumidiorem
972 3459 1078 3526 uorem
