2444 4020
325 349 329 354 ¹
380 269 536 332 ncuocu
557 270 609 344 ix,
632 277 767 335 eo-an.
952 281 1018 346 erc

116 437 258 511 tradidit,
288 443 391 517 pottaa
412 438 557 516 praedium
578 438 738 520 integram,
767 439 929 500 Mantuanis
951 462 1017 520 pars

117 541 220 618 aliqua
241 559 354 598 suorum
376 559 511 620 agrorum
534 540 741 601 restitueretur.
784 542 918 602 Misera
940 543 1018 602 Gre-

116 662 237 713 moua,
271 640 453 699 miseratione
480 640 572 720 nangis
601 660 683 730 quam
711 642 894 702 accusatione
921 643 1018 724 digna.

118 743 219 802 Poeta
240 748 302 801 erat
322 743 485 814 honestior,
514 761 596 820 quam
619 749 664 814 ut,
695 743 730 801 de
751 742 834 804 vietis
856 744 1018 818 detrahens,

118 843 246 904 blandiri
279 843 412 905 voluerit.
471 845 617 902 Consueta
650 863 774 922 cycnus
806 851 928 923 poeseos
956 852 1019 905 orat
1129 893 1131 902 s

118 945 236 1025 imngo,
259 945 307 1022 qui
327 952 394 1023 post
415 945 542 1002 detectus
564 965 582 1002 a
603 945 834 1005 Phocaeensibus
856 953 948 1006 terras
970 944 1018 1006 oc·

119 1045 296 1116 cidentales,
329 1045 365 1103 ab
386 1051 483 1104 aetate
505 1044 638 1115 Hesiodi,
668 1052 753 1103 cantu
776 1065 829 1104 suo
851 1046 1018 1125 ales-Apol-

119 1145 175 1204 lini
197 1151 311 1204 sacrata
333 1165 398 1204 esse
419 1143 819 1234 existimabaturllpp.lllytb.
832 1147 867 1219 ΙΙ,
892 1153 1016 1210 11-13

121 1244 291 1326 (se—51).
335 1247 416 1326 Ager
438 1245 542 1304 circum
563 1245 709 1304 lllantuam
731 1246 786 1305 Lb.
809 1249 850 1318 ΙΙ,
874 1253 945 1320 199,

226 1351 314 1405 Pascit
332 1351 377 1419 qni
393 1351 485 1406 niveos
501 1351 612 1405 herboso
628 1341 736 1404 flumine
752 1367 857 1418 cycnos,

117 1448 162 1508 ad
183 1447 279 1508 tritam
300 1446 469 1528 allegoriam
491 1467 526 1506 eo
548 1447 661 1506 lacilins
682 1448 848 1508 deducebat.
892 1449 951 1507 Pro
958 1450 1017 1521 fc·

118 1560 215 1622 reret,
253 1547 360 1608 certius
381 1547 579 1627 promittente,
603 1549 730 1622 ferm
747 1549 833 1610 llnsn.
855 1569 968 1629 quoque
991 1549 1022 1612 0

117 1650 218 1709 habet.

208 1759 344 1814 30-36.
387 1753 446 1812 Per
467 1753 570 1824 omnia,
593 1773 667 1832 quae
687 1753 834 1835 agricolae
855 1773 924 1814 cara
939 1760 1016 1826 sunt,
1115 1745 1118 1754 ’

120 1851 243 1911 obscero
266 1858 311 1921 te,
343 1852 449 1924 ltloeri,
477 1853 597 1932 amplius
618 1873 705 1912 canas
727 1855 763 1913 de
783 1855 932 1914 Menalcae
953 1873 1016 1914 car·

119 1952 257 2011 minibus!
292 1950 371 2022 Scis,
409 1959 542 2028 quantum
576 1965 637 2035 ego
663 1954 738 2012 bona
764 1953 890 2012 carmina
916 1955 1016 2014 amen.

120 2055 189 2131 lpse
211 2051 349 2110 tantillum
372 2052 516 2131 ejusaem
538 2047 660 2132 negotii,
683 2053 758 2130 quod
779 2059 880 2131 pottas
897 2060 1016 2128 vocant,

121 2171 305 2232 quanquam,
336 2172 398 2211 meo
420 2152 554 2224 arbitrio,
584 2173 645 2212 cum
667 2153 743 2214 veris
764 2152 919 2213 artificibus
941 2174 1016 2213 corn·

121 2260 249 2334 paratus,
272 2260 397 2333 nugator
419 2260 536 2312 tantum.
559 2285 600 2298 -
623 2253 761 2334 Virgilius
782 2254 827 2312 sui
848 2253 937 2332 ipsius
955 2255 1016 2314 lau·

122 2352 245 2423 dationi,
268 2354 304 2411 ad
326 2371 408 2431 qnam
429 2352 495 2411 finis
516 2373 579 2412 eum
600 2353 764 2433 propositus
786 2353 899 2434 coligit,
920 2355 1015 2416 morla-

120 2461 217 2526 ratur,
239 2453 340 2533 partim
363 2453 471 2514 rustica
492 2454 635 2513 laudantis
656 2455 853 2534 simplicitate:
883 2455 931 2535 qui
952 2456 1015 2536 ejus

54 2557 66 2580 ⁸
121 2575 222 2617 versus
245 2556 348 2615 nullam
370 2555 452 2615 oliam
474 2557 590 2615 obrem
608 2562 664 2615 tum
679 2556 810 2616 lubenter
821 2556 909 2628 aridit,
931 2576 1014 2636 quam

121 2657 253 2736 quoniam
280 2657 359 2737 ipso,
387 2676 444 2735 qua
469 2655 565 2716 socius
591 2657 675 2736 hujus
704 2657 806 2717 nobilis
827 2658 1014 2720 versificatio·

120 2758 180 2830 nis,
211 2758 313 2837 aliquis
336 2777 400 2817 esse
421 2757 535 2818 videtur
555 2759 707 2839 agricolis,
739 2779 801 2818 curn
823 2759 1014 2818 celeberrimis

120 2859 145 2916 is
167 2865 225 2917 tum
247 2858 382 2936 temporis
403 2858 524 2928 vatibus,
548 2877 713 2935 quamquam
735 2877 843 2916 summa
863 2859 1011 2931 modestia,

120 2965 214 3018 tamen
253 2959 296 3018 sic
328 2977 440 3034 quoque
472 2977 504 3016 sc
537 2977 703 3035 comparare
735 2977 837 3030 ausus3
871 2959 1011 3035 quomodo
1118 3020 1124 3033 ,

119 3078 210 3137 paene
241 3058 350 3138 peritus
382 3055 485 3133 aliquis
523 3064 623 3116 cantor
652 3056 776 3115 rusticor
807 3057 952 3116 llendellis
981 3065 1012 3120 et

120 3159 260 3218 Sclrulziis
288 3157 415 3216 modeste
442 3176 474 3216 se
495 3163 657 3234 postponat.
700 3157 822 3229 Partim,
851 3159 1010 3237 quotuor.

4 3279 5 3296 ¹
119 3280 169 3319 sus
197 3267 238 3320 44
264 3259 381 3338 probat,
410 3277 448 3318 ex
471 3257 589 3317 materia
611 3259 759 3338 majorem,
788 3278 870 3337 quam
893 3279 930 3318 ex
952 3266 1010 3320 tra·

119 3361 256 3432 ctotione,
278 3359 404 3437 Lycidac
427 3359 525 3418 tribuit
546 3359 733 3438 voluptatem
756 3359 818 3439 ejus
835 3359 1009 3439 potissimum

119 3463 254 3536 interest,
274 3481 327 3542 pro
349 3462 469 3536 Mantua
490 3461 630 3522 servanda
650 3459 755 3522 habere
776 3461 910 3522 carmina.
952 3463 1009 3521 ltu·
