2412 4028
214 291 261 354 nr
470 281 623 344 senaar
647 280 681 340 u.
705 281 851 342 u-an.

215 451 356 526 odoribus,
378 449 486 510 frondis
507 449 651 529 speciest
672 467 749 514 nexu
771 447 846 508 dena
866 448 940 508 lraud
962 454 1112 510 cautamta

153 587 157 598 =
216 560 298 614 erant
318 553 353 612 iis
379 553 407 611 in
430 551 529 622 terris,
564 569 636 629 quae
657 551 740 610 sedes
772 556 869 612 mant
889 551 1048 610 venustatis
1078 558 1112 611 et

214 653 355 724 lactitiae,
387 652 486 730 quibus
512 671 648 726 caracae
662 657 820 730 pasturum,
852 650 1006 722 vicianum,
1036 651 1111 710 ada-

216 754 356 828 rantium,
387 753 502 814 deorum
522 751 589 812 festi
612 758 728 811 ornatas
757 757 849 810 eraut.
893 751 1049 812 Columella
1071 752 1112 810 dc

217 855 293 914 cultu
313 855 456 912 hamarum
477 875 504 916 v.
527 859 589 914 294
610 851 753 932 agricolas
769 853 852 932 jubet
872 849 971 923 fleres,
1003 852 1034 910 iu
1055 850 1111 911 fri-

217 975 289 1036 gere
312 955 361 1022 ¹vel
382 954 510 1014 matutini
540 954 589 1015 rel
607 952 760 1030 vespertini
787 951 921 1031 temporis
948 953 1110 1031 decerptas,
1189 997 1190 1016 r

217 1063 247 1116 et
268 1055 352 1128 vina,
380 1061 413 1114 ut
434 1056 549 1115 odorem
575 1054 718 1134 integrum
743 1060 906 1126 servarent,
935 1073 1110 1132 conspersas
1189 1081 1190 1104 1

218 1157 348 1218 corbibus
369 1156 484 1219 venales
505 1155 533 1214 iu
555 1155 652 1214 urlrem
673 1153 718 1216 vel
739 1153 866 1214 vimineis
881 1155 926 1214 vel
947 1153 1050 1232 sirpeis
1071 1155 1111 1212 ad

218 1256 364 1316 Vertumni
385 1263 506 1315 statuam
533 1254 659 1326 deferre,
695 1254 770 1314 uude
797 1255 913 1333 crapula
938 1253 1059 1334 gerulus
1079 1262 1111 1314 et

218 1357 282 1416 sinu
303 1356 423 1436 pecunia
448 1355 585 1434 completo
615 1357 725 1418 demum
750 1355 858 1416 redeat.
903 1356 1037 1433 Corydon
1063 1355 1110 1414 sui

219 1455 248 1516 id
269 1456 344 1516 horti
365 1457 467 1514 denum
488 1455 653 1534 paciscitur,
677 1458 790 1529 fonte,
814 1457 931 1514 solemni
953 1477 1032 1522 mare
1053 1457 1109 1516 Llr.

219 1557 429 1627 lvdie-120
450 1555 560 1636 irrigui.
603 1553 775 1635 demaine
790 1557 1003 1634 appellabantur
1023 1575 1111 1634 quae

220 1675 275 1735 que
302 1657 373 1716 deae
399 1657 525 1734 lymphae
551 1657 673 1728 altricis,
706 1669 779 1735 quac
806 1676 844 1716 ex
871 1657 977 1716 tlceani
1003 1657 1110 1716 arabitur

123 1771 126 1776 '
219 1757 265 1818 vel
296 1763 394 1835 aperta
421 1757 538 1815 introitu
560 1758 605 1818 vel
634 1757 715 1818 venis
735 1757 927 1818 subterraneis
955 1756 1111 1818 inferretur

220 1857 275 1916 Lb.
297 1857 344 1928 lV,
367 1861 438 1918 344.
462 1862 524 1918 357
531 1881 539 1930 3
568 1858 718 1932 Najades
739 1859 882 1936 Nymphae
904 1878 1038 1937 aquaram
1059 1859 1110 1918 im·

220 1957 317 2036 primis
338 1956 525 2029 terrestrium,
547 1957 685 2016 interdum
708 1958 792 2018 ctiam
813 1959 897 2018 maris
918 1959 1036 2030 interni,
1064 1960 1111 2020 vel

221 2059 371 2129 Nereides,
406 2079 477 2136 qaae
498 2078 516 2116 a
536 2057 647 2116 filiabus
669 2059 774 2118 Oceani
795 2059 836 2118 ita
858 2060 1110 2140 distinguerentur.

222 2158 325 2218 Suavis
347 2157 451 2235 opinio,
474 2155 558 2215 llares
579 2164 695 2236 propter
715 2177 803 2237 aquas
824 2168 975 2220 nascentes
996 2162 1110 2238 aNym-

222 2256 361 2335 phiscon
389 2263 496 2316 tautum
518 2257 570 2328 ali,
602 2258 676 2335 quad
704 2265 749 2318 est
775 2260 849 2338 apud
871 2261 1010 2320 Catullum
1030 2261 1110 2332 LXl,

223 2365 262 2418 23
286 2363 316 2416 et
337 2358 515 2437 Calpurnium
537 2357 588 2430 lX,
614 2366 664 2429 22,
686 2359 736 2417 sed
764 2359 799 2418 ab
830 2360 928 2420 iisdem
949 2363 1035 2422 etiam
1054 2381 1109 2420 ca·

223 2455 327 2517 lachis
339 2460 451 2530 ferri,
487 2458 601 2516 assidua
622 2459 826 2518 consuetudine
853 2461 994 2520 etiamad
1022 2462 1110 2520 lumi·

221 2556 301 2614 liaris
322 2557 436 2634 spiritus
457 2557 556 2635 petisia
583 2557 749 2632 transieram
777 2565 809 2618 ut
830 2561 962 2622 saltatrix
984 2561 1110 2643 (Cappa)

221 2655 334 2738 Virgilii
355 2677 383 2716 v.
407 2661 445 2716 15
467 2656 569 2716 viatori
590 2657 706 2718 laudare
726 2661 864 2738 patuerit:

323 2770 359 2823 lit
375 2783 442 2839 qnae
460 2767 575 2835 virginea
592 2771 671 2825 libata
687 2773 807 2827 Achelois
817 2743 857 2827 ab
875 2791 951 2828 amne

406 2852 475 2905 Lilia
490 2853 608 2908 vimineis
625 2857 710 2910 attulit
726 2857 754 2910 in
771 2858 886 2912 calathis.

222 2955 291 3014 lude
311 2956 346 3014 alr
372 2956 424 3016 lrac
444 2955 555 3037 Eclcga
575 2959 730 3020 Columella
756 2981 816 3022 cam
838 2983 866 3023 v.
890 2969 951 3025 299
974 2963 1010 3022 de
1034 2964 1110 3022 cultu

129 3091 135 3102 ·
222 3056 365 3113 hortorum
392 3063 533 3116 mutuatus
563 3065 615 3118 est.
664 3061 757 3120 Plinia
770 3058 800 3142 ⁹)
830 3069 946 3122 auctore
974 3063 1110 3143 ejusmodi

221 3152 349 3214 calatles'
369 3155 420 3216 lilii
441 3157 610 3219 dehiscentis
631 3160 837 3222 similitudinem
858 3151 1013 3234 lrabebent,
1044 3163 1110 3222 cali-

222 3256 264 3314 cis
275 3255 377 3316 instar:
400 3258 497 3335 quales
509 3279 560 3318 eos
572 3261 757 3339 Spanlremias
777 3264 814 3324 ad
827 3261 988 3324 Callimachi
1002 3263 1109 3326 Cenl.

220 3386 424 3399 *ιι-ι-

291 3470 316 3534 ‘l
353 3469 420 3524 run.
439 3473 510 3538 xxi,
527 3471 553 3525 a.
572 3490 593 3524 s.
614 3476 655 3526 u.
