2444 4020
367 250 521 310 nonnos
543 249 593 321 tx,
616 253 751 312 ott-64.
917 259 997 324 ,lbi

104 415 219 476 hoedos
247 414 313 473 mihi
340 417 481 478 committe
502 417 667 496 portandos.
688 449 731 464 —
752 415 888 495 Lycidam
909 417 1002 495 poetis

105 527 176 576 curn
207 520 307 575 cantus
335 517 418 576 decet
444 537 523 577 emor
547 517 667 590 erdens3
700 517 901 576 Caesarianum
922 535 1001 576 amor

104 617 143 675 in
176 617 327 676 Caesarem
334 639 345 692 3
376 618 509 698 juvenem
541 635 577 677 ea
606 617 780 690 humanitas,
814 635 871 696 qua
896 617 1001 676 nobam

104 715 235 776 Moeridi
255 717 410 777 senectutis
431 718 537 778 tribuat
557 717 790 790 imbecillitatem,
813 724 843 776 et
865 737 948 788 cura,
970 724 1002 775 ut

105 837 150 876 ne
171 817 237 895 quid
258 816 299 876 illi
321 823 424 877 noceat
445 825 496 877 aut
516 819 663 878 molestum
685 820 733 879 sit.
777 819 842 876 Duo
863 815 1001 876 Hosnien·

105 935 160 976 ses
181 916 226 979 B.
250 918 285 977 C.
303 936 360 996 (pro
381 921 569 978 caussando
591 920 720 978 mendum
740 919 846 977 hebent
866 929 1002 977 cantan-

107 1018 165 1076 do.
209 1017 253 1076 Ab
280 1017 362 1076 Ande
389 1018 424 1076 ad
452 1017 597 1076 Mantuam
623 1018 669 1078 vie
691 1035 723 1076 se
743 1019 828 1076 librat
850 1016 1002 1076 secundum

108 1115 244 1176 diffusum
265 1118 481 1197 et'paludosum
501 1118 675 1190 Mincium,
698 1117 752 1196 qni·
763 1117 841 1178 brevi
858 1122 925 1175 ants
941 1135 1003 1174 cre·

107 1216 238 1296 pitantes
266 1218 303 1277 ad
330 1217 419 1296 ripum
445 1218 538 1277 undas
564 1219 768 1288 volutaverat„
799 1235 874 1276 nuuc
899 1222 1002 1288 autem,

107 1308 200 1377 vento
227 1318 320 1388 nullo,
343 1321 509 1392 planities
535 1317 629 1378 iactus
650 1321 827 1395 depressa,
855 1317 931 1396 quod
952 1336 1003 1374 no-

105 1423 218 1477 strates
240 1418 352 1492 dicunt,
374 1418 482 1497 speculi
503 1419 594 1478 instar
614 1419 774 1499 levigatus,
803 1420 890 1478 sllet.
911 1418 1003 1476 Paulo
1061 1419 1069 1428 '

106 1523 180 1578 ante
201 1517 319 1577 arbores
341 1525 371 1578 et
388 1519 456 1580 ulva
469 1517 600 1578 fluminea
617 1519 817 1592 susurrabant3
838 1537 922 1590 nunc,
944 1520 1004 1580 ad·

107 1613 225 1693 spice!
246 1637 357 1680 aurae
378 1617 543 1696 spirantia
563 1624 742 1679 murmuris
764 1638 871 1679 omnes
884 1618 1004 1690 ¹sedatae

109 1723 190 1777 sunt.
233 1719 309 1797 Apta
336 1739 429 1780 rernm
458 1720 627 1781 naturalium
654 1720 832 1779 adumbratio
859 1719 888 1777 in
916 1738 1003 1799 ergu-

108 1818 200 1876 menti
221 1819 393 1878 tractatione
414 1819 527 1900 illigato
548 1825 601 1889 est,
624 1819 718 1880 brevis
739 1825 769 1877 et
783 1819 840 1878 cito
857 1818 1003 1898 gradiens.

117 1918 196 1977 Tace·
224 1918 254 1976 in
280 1916 422 1989 levorem,
455 1924 488 1975 ut
514 1918 645 1976 lubenter
672 1924 702 1976 et
723 1917 785 1976 sine
806 1917 937 1976 molestia
957 1937 1004 1976 ca·

109 2037 175 2078 nes.
219 2018 388 2090 Stratone,
417 2018 437 2077 i.
465 2037 491 2077 c.
514 2017 692 2096 depressum,
720 2023 829 2077 aestum
850 2017 932 2075 simul
952 2015 1004 2075 llu-

110 2119 223 2191 vielem,
246 2118 293 2197 qui
315 2117 393 2196 prius
414 2116 518 2191 inerat,
541 2117 690 2198 designem
712 2118 795 2196 quale
817 2118 891 2196 aqud
907 2119 1005 2178 'ibeo-

111 2219 214 2280 critum
235 2219 300 2290 Vll,
324 2223 381 2281 57:

181 2333 329 2398 Halcyones
347 2337 464 2385 sternent
479 2331 591 2396 fluctus,
610 2335 727 2384 sternent
743 2333 821 2385 meris
839 2333 932 2399 undas,

180 2417 267 2485 Atque
281 2417 380 2469 Notum
398 2415 551 2481 comitano,
570 2420 727 2483 postremam
745 2416 790 2484 qni
807 2423 894 2470 movet
910 2419 1005 2493 algam.

116 2521 260 2591 Cadere,
289 2519 325 2578 dc
345 2525 448 2591 vento,
475 2517 622 2597 quiescere
643 2517 698 2578 Lb.
720 2519 748 2592 1,
772 2525 842 2582 ent.
893 2521 1006 2584 Vento·

114 2641 185 2680 rum
205 2641 370 2693 murmur,
394 2619 558 2680 immodicus
578 2619 728 2699 strepinrs,
751 2629 853 2682 ventus
866 2629 1005 2700 strepens.

114 2721 204 2800 llnjns
225 2741 349 2792 aerae,
371 2720 391 2780 i.
403 2739 429 2780 e.
450 2721 530 2780 lenes
551 2721 662 2783 animae
683 2721 745 2782 sive
759 2721 885 2798 spiritus,
909 2740 1006 2779 omnes

110 2822 224 2901 jamjam
245 2822 428 2880 resederunt:
451 2821 493 2879 ita
513 2841 622 2880 aurae
639 2816 789 2899 Zephyri
805 2821 859 2878 llb.
873 2821 907 2878 ll.
930 2829 1007 2893 3303

114 2921 155 2980 ita
173 2925 342 2999 graminis
362 2916 466 2980 herda
488 2920 548 2980 ner,
570 2920 610 2992 V,
636 2929 685 2982 26.

200 3025 347 3086 59-64.
390 3021 509 3080 Media
529 3023 587 3077 nia
603 3019 678 3097 apud
689 3019 874 3082 Theocritum
896 3040 1007 3105 quoque

116 3119 183 3200 vll,
208 3128 249 3181 10
270 3116 445 3194 sepulchro
467 3118 650 3198 designatur:
771 3123 773 3139 ⁴

182 3231 371 3300 Completaqne
387 3232 430 3286 vic
446 3233 561 3286 nondum
578 3233 678 3301 media,
696 3234 854 3289 monimento

181 3317 239 3370 Nee
255 3314 372 3370 Brasilae
388 3317 449 3370 dnm
469 3324 618 3386 conspecto.

121 3419 335 3500 sepeliebantur
356 3422 429 3481 enim
458 3419 583 3482 defuncti
609 3423 739 3484 lubenter
768 3443 856 3504 prope
877 3423 941 3484 loce
961 3442 1008 3526 ce-
