2340 4036
201 315 265 378 rao
429 303 583 364 nasoon
606 281 869 363 urfica-111.

202 483 342 546 metuet,
366 471 456 550 quod,
479 469 588 532 novitia
609 476 751 550 potestate
771 465 852 530 serbi
873 473 1030 549 quisquis
1051 468 1105 528 rie-

204 576 298 655 cepti‚
337 571 577 632 continuationem
612 570 713 650 judicii
743 571 964 650 exspectabant:
1007 569 1104 628 Etiam

204 675 356 756 quemlibet
376 673 460 732 alium
486 689 575 734 vacca
596 668 712 753 dignum
734 691 814 742 esse,
849 671 898 750 qui
918 671 964 731 vei
990 670 1104 729 dulcem

171 819 172 826 κ
205 795 327 836 amorem
349 779 463 843 metuet,
489 771 533 833 vei
555 773 685 832 acerbant
708 773 881 852 experietur.
924 773 984 830 Nec
1006 792 1104 832 move·

207 880 274 937 bant
286 873 467 953 cosineptiae
478 873 560 952 bajus
570 893 724 952 expressae
735 873 964 932 continuationis.
986 873 1103 931 Tamen

205 979 235 1036 in
253 977 382 1038 Mattiaco
398 980 429 1033 ct
446 973 510 1032 aliis
530 973 693 1052 quitantiam
713 973 793 1032 libris
817 985 946 1034 metuat
963 979 1103 1050 sequente

207 1082 408 1156 caprariam
429 1081 569 1136 servatam
587 1082 640 1134 est.
684 1074 800 1155 Lingua
811 1075 906 1133 Piauti
928 1081 958 1132 et
972 1073 1103 1132 Lucretii

209 1183 364 1259 quisquis
378 1181 409 1236 et
420 1179 664 1255 unusquisquis
675 1195 737 1236 cum
759 1180 901 1256 quisque
913 1179 943 1232 et
954 1179 1103 1254 quicunc-

210 1299 283 1361 que,
297 1297 370 1357 quae
381 1276 455 1336 idem
466 1275 603 1347 vaierent,
622 1276 726 1335 omisso
738 1295 824 1356 saepe
835 1287 888 1337 eso
896 1295 947 1355 pro
959 1277 1106 1356 quilibet
1163 1319 1164 1362 p

209 1379 355 1438 utebatur:
378 1395 460 1455 quara
483 1377 708 1438 observationem
729 1374 849 1436 Manutii
870 1381 900 1436 et
920 1375 1054 1434 Lambini
1072 1375 1102 1434 in
1162 1369 1164 1464 i

81 1537 84 1544 .
209 1481 309 1540 blaseo
332 1475 502 1538 Germanico
525 1473 622 1556 (1786
645 1479 691 1536 ti
714 1499 740 1556 p.
764 1476 820 1559 24)
842 1475 911 1535 satis
933 1476 1013 1535 nobis
1036 1496 1104 1555 pro·
1162 1491 1164 1564 p

209 1581 322 1641 bovinae
349 1579 483 1638 videmur.
527 1577 622 1656 Propo
648 1579 771 1659 Augusti
798 1583 919 1637 aetatem
948 1577 1019 1636 banc
1047 1577 1104 1638 vim
1162 1571 1164 1686 p

209 1686 351 1762 quisque
380 1677 463 1738 unico
485 1679 624 1750 servavit,
659 1680 752 1738 rarius
779 1684 952 1759 quicquic,
975 1686 1105 1757 'praeter
1162 1687 1164 1750 t

96 1805 120 1836 ⁴,
210 1801 340 1862 quoquo
362 1782 453 1838 morlo
476 1786 505 1838 ct
523 1791 639 1856 praeto,
680 1781 764 1839 etiam
790 1783 986 1860 quicumque
1013 1780 1103 1838 inter·
1163 1755 1164 1768 ἵ

210 1885 283 1942 riam.
327 1882 371 1940 ita
393 1880 490 1939 eodem
512 1879 616 1938 omisso
633 1891 686 1940 est
704 1881 766 1959 pius
779 1881 870 1940 minus
891 1875 973 1940 tarde
994 1887 1103 1939 munta

210 1990 276 2043 suut
289 1983 558 2063 quandocumque
570 1987 600 2040 et
621 1985 820 2062 quaudoque
841 1999 892 2060 pro
904 1985 1101 2062 aliquando,

210 2093 504 2166 quauareaquautuo
526 2101 577 2160 pro
599 2093 705 2153 utus,
737 2085 982 2163 qualisqualis,
1011 2095 1103 2142 uter-

211 2204 289 2264 quc,
320 2194 549 2260 oeterorumque,
581 2181 718 2262 ubique,
751 2185 913 2263 undique,
944 2194 1105 2263 quotquot

211 2289 310 2345 annis
337 2290 368 2342 ct
389 2293 471 2362 quot
490 2285 605 2355 aunis,
640 2295 802 2365 quotquot
826 2293 856 2342 et
881 2297 963 2364 quot
984 2285 1103 2344 Calca-

212 2389 279 2458 dob,
309 2384 490 2454 meatibus,
522 2384 652 2456 elichus,
687 2387 938 2464 qualiscumque
959 2373 1104 2464 ipsumque

212 2491 271 2568 qui
294 2485 322 2554 i,
346 2489 396 2544 53.
440 2473 580 2541 Summam
602 2484 712 2561 quidem
739 2486 822 2564 bajus
850 2485 1103 2565 interpretationis,

212 2585 263 2644 sed
285 2589 398 2644 servato
421 2590 559 2661 statque
579 2595 701 2644 memet
726 2587 811 2644 otiam
832 2587 905 2665 opud
928 2605 1030 2646 navum
1051 2587 1105 2644 As-

213 2683 336 2746 censium
358 2683 484 2761 reperio:
511 2683 670 2764 Quisquis
689 2685 708 2745 i.
722 2706 747 2745 e.
771 2691 966 2768 quicumque
987 2692 1019 2745 ts
1042 2699 1103 2757 est,

212 2805 277 2846 raon
299 2785 405 2842 solum
425 2801 492 2854 ooo,
516 2785 688 2846 acclamate
700 2789 871 2858 morulam
894 2807 975 2866 quem
989 2787 1105 2866 Dioge

216 2885 345 2962 hopes,
378 2883 534 2961 Hispanus,
569 2893 739 2945 convertens
765 2887 900 2966 sequitur.
951 2887 1106 2959 veremini,

209 2988 345 3067 juvenes,
373 2983 543 3061 interpretes
564 2986 669 3045 saecuti
691 2989 767 3046 sonti
789 2987 904 3048 decimi!
948 2989 1107 3048 Discedens

214 3085 321 3144 demum
343 3083 496 3142 Palaemon
524 3103 622 3144 servos
649 3087 786 3165 appellat,
822 3089 916 3148 fossas
937 3089 966 3148 ia
997 3109 1107 3168 aquoso

214 3183 385 3254 declivitate,
407 3183 507 3262 quibus
528 3185 621 3246 vicina
642 3194 724 3266 prata
745 3189 849 3248 domini
870 3197 960 3262 aestu,
983 3189 1031 3269 qui
1049 3195 1107 3250 tna

214 3292 294 3355 erat,
317 3283 431 3364 irrigari
453 3287 571 3345 curabat
590 3287 644 3345 Lb.
668 3288 696 3357 Ι,
720 3297 789 3360 toti,
812 3309 924 3370 aggere
945 3291 1105 3352 occludunt.

213 3384 335 3455 Pueri,
359 3385 434 3444 iacta
455 3385 615 3446 odirortatio
636 3386 759 3448 tanitico
781 3389 802 3460 Ι,
826 3395 878 3452 45.
958 3411 961 3418 ¹
