2380 4028
215 295 262 356 ω
373 269 381 286 “
460 279 612 370 merroch
634 283 681 344 vr.
703 289 849 344 re-rr.

215 443 288 532 quoe
308 459 374 512 oute
386 451 524 519 ,diiuvium
545 458 634 523 erent,
656 450 785 530 quonism
806 448 942 530 Virgilius
965 449 1026 507 suis
1042 449 1097 508 ho·

216 555 333 614 minibus
353 553 423 612 setis
443 559 525 611 notos
546 573 609 612 erse
629 551 766 631 suspicari
788 557 913 630 poterut,
935 569 1019 628 quum
1041 571 1096 608 mo-

217 657 258 716 his
285 655 385 735 ruptim
412 661 518 713 tentum
546 655 603 713 siut
629 655 764 725 traditee3
798 673 853 712 uon
881 671 950 710 rere
974 651 1094 710 oonsilio

212 775 280 815 usus
307 755 420 834 primum
441 754 524 813 finem
544 775 622 813 suum
644 753 798 834 proposuit,
819 753 1024 812 restitutionem
1040 773 1095 833 ge-

213 857 288 916 neris
308 856 419 914 humaui
440 877 458 914 o
478 857 650 916 Deucalione
673 864 702 915 et
716 857 826 934 Pyrrho
846 854 959 927 fectum,
981 863 1093 934 postea,

213 979 231 1018 e
261 959 317 1037 quo'
342 957 422 1016 initio
450 941 560 1036 etque
580 957 625 1018 viu
647 957 771 1016 homines
791 957 827 1016 ed
848 956 979 1018 diluvium
1002 975 1092 1034 usque

81 1059 90 1076 “
213 1059 413 1140 pervenerint..
443 1060 542 1118 Scrihe
565 1060 621 1118 hoc
646 1060 708 1118 loco
730 1077 839 1118 versum
861 1056 967 1116 essuit:
1001 1058 1094 1117 Hinc

215 1165 345 1237 lapidee
373 1161 473 1220 Pr‘rre
484 1161 618 1236 jactos,
648 1161 836 1236 primordia
861 1180 987 1233 rerum,
1019 1157 1094 1218 hinc

213 1261 375 1323 homiaem
400 1264 622 1342 pecudumque
642 1280 765 1340 gersus,
788 1262 952 1320 Saeuo-uia
973 1279 1094 1338 regua,

216 1365 494 1442 Caucasiasque.
516 1407 523 1420 .
547 1405 554 1422 .
577 1406 585 1422 .
606 1387 618 1434 ‚·
642 1370 671 1422 et
691 1362 775 1439 aliqui
796 1362 859 1420 elii:
881 1362 973 1421 Hinc
991 1359 1093 1421 homi·

214 1485 291 1549 auru
317 1467 479 1542 quondam
506 1483 611 1541 genus
638 1475 672 1523 et
686 1461 871 1538 primmdu’a
892 1484 1017 1534 rerum,
1045 1463 1091 1524 rei

216 1585 336 1642 regum.
389 1566 497 1624 Suevos
529 1565 657 1623 monachi
688 1565 812 1623 homiues
838 1564 1036 1623 desiderabunt
1061 1563 1092 1622 iu

215 1665 404 1744 superioribus
430 1666 580 1738 creandos,
611 1666 685 1743 quod
705 1672 811 1722 tontum
845 1663 1014 1736 ‚‚Auinsal‚
1044 1665 1092 1723 he-

95 1839 99 1850 !
214 1767 288 1826 stia“
315 1765 503 1839 edidicerout3
525 1773 554 1825 et
575 1773 675 1846 poetae
696 1766 853 1841 socordiam
879 1765 986 1825 sarcire
1013 1767 1091 1826 vohe-

215 1869 292 1929 huot.

298 1974 453 2032 43-44.
495 1969 566 2028 Post
592 1969 681 2028 uodos
707 1967 912 2028 Deucalioneos
933 1973 1014 2028 uetes
1034 1964 1089 2028 he-

215 2077 403 2142 rauscerat,
433 2072 526 2150 cujus,
558 2070 600 2129 uti
621 2089 672 2148 per
692 2077 750 2140 est,
777 2088 881 2148 pouces
901 2076 1008 2128 tuntum
1027 2089 1086 2142 rea,

214 2172 260 2232 veh
293 2193 344 2232 sue
376 2179 476 2250 sponte
504 2173 549 2233 vel
575 2171 707 2250 temporis
735 2177 764 2229 et
789 2170 845 2230 loci
870 2177 1000 2250 respectu
1024 2170 1086 2230 exi·

214 2273 298 2347 miss,
331 2273 444 2332 Silenus
472 2259 561 2356 eligit.
604 2273 761 2332 Ehectorum
782 2291 892 2351 quoque
913 2279 998 2352 pocta
1018 2279 1087 2332 tem-

215 2395 296 2455 quem
331 2375 489 2434 memoriter
521 2382 627 2434 tontum
659 2375 825 2434 mentionem
852 2372 930 2433 fecit.
985 2375 1087 2434 Tertio

215 2483 308 2536 seteto
347 2483 413 2534 onte
443 2471 561 2554 Trojem'
594 2495 718 2536 eversam
735 2485 834 2554 'quum
865 2473 1087 2554 Argonautae

212 2578 302 2636 rcthus
329 2575 486 2634 colchicum
516 2576 629 2654 petituri
650 2577 818 2656 navigarent
839 2577 893 2647 IV,
922 2583 979 2649 ³4,
1009 2585 1039 2636 et
1057 2577 1086 2636 io

213 2677 297 2736 litore
327 2675 506 2752 Propontidis
541 2675 576 2733 od
609 2677 717 2754 Mysiae
746 2679 790 2738 vel
815 2676 965 2753 Bithyniae
991 2679 1085 2737 urheur

214 2777 308 2851 Cium,
330 2795 401 2856 quoe
422 2783 485 2854 post
507 2775 622 2836 Prusias
643 2778 795 2850 dicebatur,
818 2778 1006 2856 appellereot3
1027 2777 1085 2838 sor·
1181 2835 1182 2842 ,

214 2899 308 2940 mosus
334 2879 437 2957 Hyles,
465 2878 645 2938 Theodemee
671 2878 745 2937 filius
771 2879 805 2938 oh
827 2879 948 2938 Hercule
969 2887 1084 2952 emotus,

212 3003 296 3062 quum
317 3001 414 3060 equom
436 2981 572 3053 hauriret,
594 3001 611 3039 e
631 2979 763 3060 Nymphis
783 2988 832 3039 eut
853 2979 954 3054 sontis,
976 2981 1024 3059 qui
1045 2981 1087 3062 ip·
1181 3019 1182 3064 i

214 3084 273 3144 sius
300 3083 410 3141 nomine
437 3083 605 3161 appelletur,
641 3090 690 3142 out
716 3081 829 3141 Asconii
855 3080 933 3143 fluvii
953 3083 1085 3161 obreptus

215 3194 268 3246 est.
311 3185 394 3261 inops
420 3183 529 3242 consilii
555 3184 688 3243 Hercules
714 3201 774 3242 cum
801 3183 911 3256 amicis,
942 3183 971 3243 io
1002 3185 1085 3243 litore
1181 3215 1182 3228 κ

215 3285 336 3347 silvestri
362 3293 526 3362 quaerentes
554 3289 630 3357 eum,
662 3283 768 3344 frustra
794 3283 964 3358 clomoheut3
991 3285 1084 3365 image

215 3393 320 3448 tuntum
341 3384 408 3467 voci
424 3387 587 3458 resonabat,
619 3387 696 3457 sive,
717 3387 791 3464 quod
812 3385 985 3446 Theocritus
1007 3385 1082 3455 ΧΙΙΙ,
1181 3407 1182 3412 ’

216 3496 266 3554 58.
294 3493 389 3546 uurrot
415 3486 534 3546 dulcius:
1181 3503 1182 3514 ¹
