2462 4028
189 283 259 346 555
457 272 613 334 aenaea
634 271 672 347 x,
695 278 811 338 9-12.

189 443 292 504 amoris
312 443 374 502 sine
395 442 478 502 dubio
500 448 598 502 essent
618 441 716 516 tuisse,
739 440 796 501 nisi
817 437 987 501 abfuissent.
1012 441 1087 502 Sine
1218 531 1219 556 ,

190 551 309 604 ornatu:
346 545 444 606 Gallus
471 543 706 613 obliviscebatur,
733 542 859 602 dolorem
886 561 969 600 suum
996 551 1082 604 cantu

190 647 280 706 lenire
301 668 327 707 v.
351 653 402 708 50.
432 645 577 724 Indigno
599 665 719 716 amore,
742 643 860 724 indigne
881 644 990 716 habito,
1013 664 1081 723 quo·

111 776 113 782 ·
191 768 253 808 eum
274 767 330 808 non
347 746 572 808 ·fiebatmutuum
594 746 668 819 vm,
693 753 741 808 18.
764 745 959 816 Vetusieotio,
983 765 1084 824 quan

187 851 334 924 peribat,
362 848 522 929 elegantior
549 854 595 907 est
620 854 650 906 et
676 846 794 928 gravius
816 847 933 917 dieitur,
962 855 1084 926 propter

191 948 311 1010 aetionis
333 949 553 1011 diuturnitatem.
575 950 653 1008 lutor
674 948 836 1008 scribendas
851 947 949 1008 literas
961 945 1083 1026 (puncto

192 1051 349 1129 temporis),
371 1071 472 1130 quem
492 1051 672 1124 eereberee5
693 1048 955 1110 interscribendum
969 1050 1081 1108 Laoco-

193 1160 288 1212 uatem
310 1149 489 1230 (continuato
511 1151 661 1231 tempere),
682 1171 782 1230 qaum
803 1151 977 1211 scribebam
1005 1151 1084 1210 ldem

193 1255 344 1333 potestatis
373 1254 448 1314 inter
481 1251 634 1333 perfeetum
668 1262 698 1312 et
725 1250 915 1331 imperfectum
941 1252 1084 1312 interest:

193 1355 279 1414 Modo
300 1362 363 1416 erat
383 1356 519 1430 scribam,
540 1358 699 1430 eeripeu,
721 1352 832 1414 515555
842 1353 977 1424 seribere,
1001 1359 1083 1414 aere·-

195 1455 310 1516 bebat:
343 1463 451 1518 555155
478 1460 581 1536 poetae
610 1457 679 1528 hoe,
713 1456 816 1534 quippe
845 1453 962 1536 gravius
995 1455 1083 1526 dieto,

194 1577 247 1636 pro
273 1559 323 1618 illo
349 1577 556 1636 nonnumquam
582 1557 625 1618 uti
657 1557 744 1628 iioet3
782 1558 858 1635 quod
887 1576 982 1638 genus
1009 1558 1082 1616 flor.

193 1659 247 1737 Ep.
268 1659 295 1729 Ι,
325 1667 378 1730 10,
405 1665 464 1720 de:
498 1665 599 1718 eontra
620 1677 704 1732 raro,
725 1656 768 1718 as.
790 1659 872 1718 Serv.
893 1659 931 1718 ad
952 1660 1022 1718 Aen.
1045 1659 1084 1730 u,

194 1762 268 1820 455.
294 1759 488 1820 Parmam
510 1759 561 1831 vl,
585 1767 625 1822 19
647 1757 754 1820 fontem
776 1759 896 1818 habebat
918 1761 1083 1822 Castalium.

194 1860 304 1940 Juga,
333 1861 414 1920 ambe
441 1863 503 1942 ejus
530 1859 686 1921 munumina.
726 1830 871 1932 madai,
898 1861 949 1920 alti
972 1869 1081 1922 montes

195 1955 278 2024 55551
298 1963 482 2035 Thessaliae,
504 1968 621 2042 propter
641 1959 713 2022 fines
735 1961 921 2022 Macedoniae
942 1969 973 2024 et
994 1964 1083 2043 Epiri.

194 2061 373 2142 Aganippe
405 2063 470 2128 tone
502 2064 538 2122 de
570 2063 719 2138 Helieone,
751 2072 847 2132 monte
872 2065 992 2124 Boeotio
1019 2066 1081 2125 siue

194 2164 302 2226 Aonio
330 2166 383 2238 Vl,
410 2171 468 2237 65,
503 2164 532 2222 in
558 2165 734 2223 Permessum
762 2164 877 2240 defluit3
909 2167 1008 2226 ibidem
1033 2175 1081 2226 est

193 2266 374 2346 Hippocrene
406 2285 527 2346 quoque.
575 2265 685 2326 Aonie
715 2265 900 2346 Aganippe
925 2288 941 2328 e
968 2269 1083 2329 Graeeo

187 2362 306 2448 Ἀονίηε
334 2386 434 2432 versus
454 2387 518 2428 aum
538 2367 618 2426 exitu
639 2367 735 2427 iouioo
756 2369 887 2447 quonian
908 2370 994 2430 verba
1015 2389 1084 2430 555-

193 2469 286 2529 tinere
306 2470 399 2529 solent
418 2490 475 2528 non
497 2471 608 2530 Graeca
628 2475 745 2542 tantum,
766 2471 817 2529 sed
839 2471 922 2532 etiam
942 2471 1082 2532 550555-

195 2589 255 2628 eam
281 2570 419 2630 rationem
445 2568 567 2628 formato
587 2575 618 2627 et
638 2589 735 2630 mensa
755 2570 798 2643 ΙΙ,
821 2580 871 2635 ²4.
894 2574 949 2646 vl,
971 2579 1029 2649 53,
1049 2581 1080 2634 et

193 2671 283 2730 Silius
303 2671 383 2746 xlv,
411 2676 472 2734 515
506 2670 652 2750 Ortygia
677 2669 856 2734 Arethusa.
899 2675 975 2735 Hine
1000 2675 1080 2735 inscii

193 2771 356 2834 efficiebant
381 2773 473 2854 magis
501 2791 661 2846 commune,
693 2782 723 2833 et
747 2775 783 2835 ob
811 2797 834 2836 a
864 2775 920 2835 duo
947 2776 1081 2838 contiuua

193 2877 267 2936 male
287 2895 392 2936 sonans
412 2874 524 2936 Aonia
546 2873 744 2953 Agmine,-
767 2877 815 2936 olii
836 2877 967 2939 Aoniae
982 2879 1082 2958 Agu-

194 2985 303 3055 m‘ppe,
326 2977 483 3060 Aganippe,
505 2975 704 3052 fonsAoniae3
725 2977 773 3037 aiii
794 2979 918 3058 insuper,
939 2981 987 3059 qui
1001 2982 1083 3064 Aga·

194 3081 299 3160 nippen
320 3089 442 3141 5551555
456 3079 641 3152 somniabant,
663 3078 793 3140 Aoniae
807 3080 1082 3159 Aganippaeae

195 3181 393 3263 Aganippes
420 3183 573 3264 genitivum
602 3182 736 3242 creabant
756 3183 881 3262 ajuga
902 3185 1079 3264 pendentem.

197 3283 284 3348 Quod
305 3283 422 3344 Servius
443 3285 603 3356 annotavit,
625 3291 772 3363 utrumque
793 3305 857 3346 esse
878 3285 1079 3349 nominativum

196 3384 363 3466 singularis,
390 3385 420 3444 id
440 3385 548 3448 Aone'e
572 3386 753 3465 Aganippe
773 3407 792 3446 5
812 3387 919 3468 duplici
940 3409 981 3451 ae
1001 3396 1076 3452 vete-

194 3506 257 3546 rum
280 3485 527 3548 Grammaticorum
548 3488 702 3552 defendere
720 3487 839 3551 videtur.
