2462 4028
399 288 553 351 ECLOGA
572 233 728 361 &ur-a.
945 295 1009 360 {97

94 455 259 541 ¹juvenilea
281 462 407 530 conatur,
430 457 553 517 carmina
573 455 680 517 ruatico
702 455 829 536 primum,
851 457 931 537 cujua
952 478 1009 519 rna·

102 559 223 620 teriam
251 578 289 617 ex
310 559 492 638 Euphorione
512 558 628 631 aumait,
655 558 775 640 gloriam
797 558 851 618 sibi
872 565 902 620 et
922 561 1009 639 majo·

101 681 178 722 rum
205 660 445 738 exspectationem
467 667 693 739 comparaverat3
714 679 790 719 nunc
810 667 904 719 autern
926 660 1010 719 ardo·

101 783 161 822 rea
188 761 218 819 ei
238 760 353 840 pulcbra
373 760 518 840 Lycoris
538 761 690 822 carminum
711 751 868 842 injiciebat,
890 781 927 822 ex
949 762 1010 841 qui·

101 867 166 925 bus
194 862 332 944 Virgilius
357 883 385 922 v.
409 859 450 924 46
477 863 612 923 nonnulla
637 863 737 944 babet,
766 869 796 920 et
822 883 894 941 quae
922 864 1008 922 multo

101 973 192 1047 poat,
219 964 299 1042 qnasi
312 963 387 1022 Galli
408 984 479 1043 opna
499 966 621 1024 maxime
642 964 807 1040 immortale,
829 983 890 1022 com
907 965 1009 1044 elegiis

100 1067 240 1136 Tibulli,
262 1065 298 1124 ab
320 1063 420 1124 ovidio
442 1085 506 1124 am.
528 1067 550 1136 l,
574 1069 614 1126 15
635 1065 796 1123 laudantur.
818 1065 926 1129 Quodsi
938 1065 1008 1124 acri·

99 1171 174 1242 ba'e,
203 1187 289 1244 quum
310 1155 423 1226 veteres
435 1165 639 1225 Grammaticos
661 1173 858 1244 excerperent,
880 1167 1008 1243 Cytheri-

99 1274 173 1332 dem
208 1266 384 1327 meretricem
410 1267 535 1344 Lycorin
561 1285 626 1326 aare
651 1266 847 1338 autumabant,
873 1283 945 1345 quae
965 1268 1006 1339 Μ,

99 1371 288 1441 Antonium,
316 1367 414 1428 nereio
440 1369 568 1446 quando,
598 1369 628 1426 in
650 1369 770 1428 Galliam
797 1376 917 1447 sequuta
943 1389 1007 1430 essa

103 1475 237 1545 dicitur,
264 1489 321 1529 non
343 1475 546 1550 reputaverunt
566 1469 600 1541 ii,
629 1489 711 1548 quam
732 1467 862 1529 facerent
882 1477 1006 1549 spretum

103 1577 230 1638 Gallum
253 1573 504 1634 adolescentulum.
526 1571 653 1631 Antonii
674 1571 749 1640 enirn
770 1589 832 1630 cum
855 1573 1007 1650 Cytheride

103 1675 293 1740 consuetudo
328 1673 410 1733 annia
444 1680 507 1734 erat
534 1673 636 1733 Βοῦν
665 1674 701 1733 ad
728 1673 1008 1749 annumllctll'l13

101 1801 176 1841 narn
201 1777 281 1836 lulio
293 1777 418 1835 Caesare
438 1775 624 1854 improbante,
647 1775 695 1853 qui
709 1776 763 1834 lrn'c
776 1783 919 1854 postremo
930 1796 1006 1836 anno

102 1876 292 1942 Alexandria
312 1876 437 1946 redibat,
459 1876 614 1949 Antonine,
642 1875 794 1934 secundnm
815 1877 1005 1950 Plutarchum,

101 1977 291 2044 meretricem
317 1975 436 2050 dimisit,
456 1982 499 2036 ¹et
519 1977 660 2050 Fulviam,
691 1995 809 2035 uxorem
836 1975 946 2051 Clodii,
975 1977 1005 2037 in

102 2077 321 2146 matrimonium
348 2077 444 2150 duxit3
472 2078 548 2156 quod
573 2083 641 2136 ante
661 2095 764 2136 annum
786 2085 864 2136 certe
885 2076 1005 2137 DCch

103 2187 220 2246 sactum
242 2186 296 2240 est.
317 2181 435 2239 Amator
455 2178 544 2260 igitur
554 2179 653 2239 Gallu
674 2178 802 2258 proxime
822 2180 1004 2254 antecedens,

104 2288 144 2348 ad
168 2262 289 2363 puerum
311 2280 513 2359 deprimeretur
534 2297 670 2340 annorum
696 2280 745 2342 rix
773 2280 909 2354 aedecim3
936 2301 1004 2342 cou-

104 2389 194 2450 tinuo
225 2401 361 2461 sequena,
395 2399 497 2440 annum
524 2381 681 2462 attingeret
711 2380 801 2460 iprum
830 2381 1002 2444 vicesimum.

105 2487 168 2556 oni
201 2485 292 2563 malua
317 2474 432 2565 geniua'
453 2483 504 2540 boa
535 2481 702 2542 temerarios
728 2481 770 2541 sic
797 2483 907 2542 romnio
933 2485 1002 2543 luait

106 2568 283 2668 Cytheridia‘
301 2584 443 2656 famosae,
477 2584 541 2643 dum
567 2583 734 2664 Propertius
768 2591 798 2644 et
823 2584 941 2647 (lvidiua
970 2593 1001 2646 et

105 2688 254 2754 Martialis
265 2686 389 2766 Lycorin
410 2691 518 2746 tantum
539 2685 690 2766 aimplicem
706 2687 875 2747 cernebantl
896 2688 1000 2747 Verum

107 2795 145 2852 de
167 2809 254 2850 manu
276 2787 304 2847 iu
326 2807 436 2848 manum
457 2789 571 2848 tradere
592 2789 914 2867 volebantinterpretea,
936 2789 999 2847 Vir·

106 2893 208 2973 gilius,
231 2891 278 2968 qui
297 2889 402 2948 factum
424 2889 470 2960 sit,
492 2896 538 2959 ut,
560 2907 643 2966 quum
664 2909 702 2948 ex
723 2894 825 2966 quarto
846 2888 919 2947 libro
941 2891 998 2950 Ga·

109 2993 275 3073 orgicorum
289 2989 399 3048 Gallum
421 2988 565 3060 deleverit,
586 2991 641 3047 boc
653 2989 681 3049 ei
693 3009 805 3049 carmen
813 2989 996 3070 relinqueret.

107 3094 143 3153 Si
165 3093 252 3158 altius
278 3092 432 3164 intuemur,
460 3089 577 3150 Serviua
598 3090 702 3168 inquit,
730 3089 900 3172 vituperatio
922 3093 997 3153 ineat

109 3203 142 3256 et
165 3193 256 3265 Galli,
283 3191 330 3270 qni
352 3191 426 3270 turpi
448 3189 536 3250 amori
555 3191 677 3256 cervisae
699 3191 796 3266 debet,
819 3201 848 3254 et
868 3193 996 3269 Antonii,

107 3315 203 3378 quem,
227 3301 326 3353 contra
347 3312 451 3353 morem
464 3294 629 3366 Romanum,
652 3294 783 3374 Cytlreria
804 3296 888 3356 eatin
901 3303 995 3358 castra

107 3398 255 3460 comitata.
297 3395 375 3456 llaec
395 3397 507 3456 tandem
527 3395 736 3477 argumentatio
757 3417 848 3476 paene
870 3397 995 3460 manibna

107 3498 244 3581 prehendi
265 3503 385 3580 poterat.
