<?xml version="1.0" encoding="UTF-8"?>
<!DOCTYPE html PUBLIC "-//W3C//DTD XHTML 1.0 Transitional//EN"
    "http://www.w3.org/TR/xhtml1/DTD/xhtml1-transitional.dtd">
<html xmlns="http://www.w3.org/1999/xhtml" xml:lang="en" lang="en">
 <head>
  <title>
</title>
<meta http-equiv="Content-Type" content="text/html;charset=utf-8" />
  <meta name='ocr-system' content='tesseract 3.04.00' />
  <meta name='ocr-capabilities' content='ocr_page ocr_carea ocr_par ocr_line ocrx_word'/>
</head>
<body>
  <div class='ocr_page' id='page_1' title='image "./commentariivirg00vossgoog_0287.png"; bbox 0 0 2380 4028; ppageno 0'>
   <div class='ocr_carea' id='block_1_1' title="bbox 237 271 874 368">
    <p class='ocr_par' dir='ltr' id='par_1_1' title="bbox 237 271 874 368">
     <span class='ocr_line' id='line_1_1' title="bbox 237 271 874 368; baseline 0 -38"><span class='ocrx_word' id='word_1_1' title='bbox 237 281 281 344; x_wconf 60' lang='lat'>28</span> <span class='ocrx_word' id='word_1_2' title='bbox 366 360 368 368; x_wconf 26' lang='grc' dir='ltr'>Ι</span> <span class='ocrx_word' id='word_1_3' title='bbox 481 271 633 334; x_wconf 76' lang='lat' dir='ltr'><strong>ECLOGA</strong></span> <span class='ocrx_word' id='word_1_4' title='bbox 654 272 701 332; x_wconf 89' lang='lat' dir='ltr'>Vl.</span> <span class='ocrx_word' id='word_1_5' title='bbox 730 277 874 333; x_wconf 77' lang='lat'><strong>41-42.</strong></span> 
     </span>
    </p>
   </div>
   <div class='ocr_carea' id='block_1_2' title="bbox 236 439 1116 1435">
    <p class='ocr_par' dir='ltr' id='par_1_2' title="bbox 236 439 1116 1435">
     <span class='ocr_line' id='line_1_2' title="bbox 236 439 1116 521; baseline 0 -21"><span class='ocrx_word' id='word_1_6' title='bbox 236 461 289 521; x_wconf 89' lang='lat' dir='ltr'>pro</span> <span class='ocrx_word' id='word_1_7' title='bbox 309 448 452 519; x_wconf 75' lang='lat' dir='ltr'>ignotae,</span> <span class='ocrx_word' id='word_1_8' title='bbox 474 441 640 521; x_wconf 76' lang='lat' dir='ltr'>exquisitius</span> <span class='ocrx_word' id='word_1_9' title='bbox 660 441 772 512; x_wconf 88' lang='lat' dir='ltr'>dictum,</span> <span class='ocrx_word' id='word_1_10' title='bbox 794 441 869 519; x_wconf 91' lang='lat' dir='ltr'>quod</span> <span class='ocrx_word' id='word_1_11' title='bbox 889 441 919 498; x_wconf 93' lang='lat' dir='ltr'>iu</span> <span class='ocrx_word' id='word_1_12' title='bbox 940 439 1056 521; x_wconf 75' lang='lat' dir='ltr'>Virgilii</span> <span class='ocrx_word' id='word_1_13' title='bbox 1074 451 1116 500; x_wconf 85' lang='lat' dir='ltr'>cst</span> 
     </span>
     <span class='ocr_line' id='line_1_3' title="bbox 237 542 1112 621; baseline 0 -19"><span class='ocrx_word' id='word_1_14' title='bbox 237 545 310 602; x_wconf 82' lang='lat' dir='ltr'>Aen.</span> <span class='ocrx_word' id='word_1_15' title='bbox 337 543 381 614; x_wconf 89' lang='lat' dir='ltr'>X,</span> <span class='ocrx_word' id='word_1_16' title='bbox 413 550 492 616; x_wconf 83' lang='grc'><strong>706,</strong></span> <span class='ocrx_word' id='word_1_17' title='bbox 518 543 650 603; x_wconf 77' lang='lat' dir='ltr'>Heinsius</span> <span class='ocrx_word' id='word_1_18' title='bbox 676 543 706 600; x_wconf 94' lang='lat' dir='ltr'>iu</span> <span class='ocrx_word' id='word_1_19' title='bbox 733 542 805 600; x_wconf 83' lang='lat' dir='ltr'>libro</span> <span class='ocrx_word' id='word_1_20' title='bbox 832 542 952 621; x_wconf 88' lang='lat' dir='ltr'>quodam</span> <span class='ocrx_word' id='word_1_21' title='bbox 979 543 1112 616; x_wconf 79' lang='lat' dir='ltr'>Medicus,</span> 
     </span>
     <span class='ocr_line' id='line_1_4' title="bbox 238 644 987 724; baseline -0.003 -20"><span class='ocrx_word' id='word_1_22' title='bbox 238 645 363 724; x_wconf 80' lang='lat' dir='ltr'>quamvis</span> <span class='ocrx_word' id='word_1_23' title='bbox 385 663 441 702; x_wconf 92' lang='lat' dir='ltr'>non</span> <span class='ocrx_word' id='word_1_24' title='bbox 463 645 583 724; x_wconf 90' lang='lat' dir='ltr'>optimo,</span> <span class='ocrx_word' id='word_1_25' title='bbox 611 653 641 704; x_wconf 89' lang='lat' dir='ltr'>et</span> <span class='ocrx_word' id='word_1_26' title='bbox 661 645 691 703; x_wconf 92' lang='lat' dir='ltr'>iu</span> <span class='ocrx_word' id='word_1_27' title='bbox 713 644 848 704; x_wconf 88' lang='lat' dir='ltr'>Voticono</span> <span class='ocrx_word' id='word_1_28' title='bbox 869 644 987 722; x_wconf 85' lang='lat' dir='ltr'>reperit.</span> 
     </span>
     <span class='ocr_line' id='line_1_5' title="bbox 321 737 1111 826; baseline -0.001 -23"><span class='ocrx_word' id='word_1_29' title='bbox 321 751 468 808; x_wconf 76' lang='lat'>41-42.</span> <span class='ocrx_word' id='word_1_30' title='bbox 512 737 645 826; x_wconf 77' lang='lat' dir='ltr'>Origines</span> <span class='ocrx_word' id='word_1_31' title='bbox 671 767 764 805; x_wconf 89' lang='lat' dir='ltr'>rerum</span> <span class='ocrx_word' id='word_1_32' title='bbox 790 747 970 804; x_wconf 84' lang='lat' dir='ltr'>humanarum</span> <span class='ocrx_word' id='word_1_33' title='bbox 993 765 1034 804; x_wconf 84' lang='lat' dir='ltr'>ex</span> <span class='ocrx_word' id='word_1_34' title='bbox 1052 745 1111 823; x_wconf 85' lang='lat' dir='ltr'>llpi-</span> 
     </span>
     <span class='ocr_line' id='line_1_6' title="bbox 237 846 1111 925; baseline -0.003 -19"><span class='ocrx_word' id='word_1_35' title='bbox 237 849 297 906; x_wconf 90' lang='lat' dir='ltr'>curi</span> <span class='ocrx_word' id='word_1_36' title='bbox 328 846 438 924; x_wconf 87' lang='lat' dir='ltr'>quidem</span> <span class='ocrx_word' id='word_1_37' title='bbox 466 847 612 925; x_wconf 87' lang='lat' dir='ltr'>discipline</span> <span class='ocrx_word' id='word_1_38' title='bbox 638 848 752 906; x_wconf 84' lang='lat' dir='ltr'>Silenus</span> <span class='ocrx_word' id='word_1_39' title='bbox 780 865 882 906; x_wconf 88' lang='lat' dir='ltr'>cauere</span> <span class='ocrx_word' id='word_1_40' title='bbox 908 865 967 904; x_wconf 91' lang='lat' dir='ltr'>nou</span> <span class='ocrx_word' id='word_1_41' title='bbox 996 854 1111 925; x_wconf 84' lang='lat' dir='ltr'>poterat,</span> 
     </span>
     <span class='ocr_line' id='line_1_7' title="bbox 236 948 1111 1028; baseline -0.001 -22"><span class='ocrx_word' id='word_1_42' title='bbox 236 949 368 1028; x_wconf 80' lang='lat' dir='ltr'>quonium</span> <span class='ocrx_word' id='word_1_43' title='bbox 388 950 461 1006; x_wconf 86' lang='lat' dir='ltr'>lunc</span> <span class='ocrx_word' id='word_1_44' title='bbox 483 949 571 1027; x_wconf 87' lang='lat' dir='ltr'>ipsum</span> <span class='ocrx_word' id='word_1_45' title='bbox 593 950 730 1028; x_wconf 78' lang='lat' dir='ltr'>Epicurus</span> <span class='ocrx_word' id='word_1_46' title='bbox 752 969 814 1008; x_wconf 89' lang='lat' dir='ltr'>cum</span> <span class='ocrx_word' id='word_1_47' title='bbox 829 948 956 1007; x_wconf 79' lang='lat' dir='ltr'>omuibus</span> <span class='ocrx_word' id='word_1_48' title='bbox 973 948 1032 1006; x_wconf 87' lang='lat' dir='ltr'>diis</span> <span class='ocrx_word' id='word_1_49' title='bbox 1049 968 1111 1006; x_wconf 78' lang='lat' dir='ltr'>som·</span> 
     </span>
     <span class='ocr_line' id='line_1_8' title="bbox 237 1049 1109 1128; baseline -0.002 -18"><span class='ocrx_word' id='word_1_50' title='bbox 237 1052 285 1110; x_wconf 86' lang='lat' dir='ltr'>niu</span> <span class='ocrx_word' id='word_1_51' title='bbox 305 1071 368 1110; x_wconf 87' lang='lat' dir='ltr'>esse</span> <span class='ocrx_word' id='word_1_52' title='bbox 389 1049 532 1110; x_wconf 85' lang='lat' dir='ltr'>censebat.</span> <span class='ocrx_word' id='word_1_53' title='bbox 575 1051 698 1110; x_wconf 84' lang='lat' dir='ltr'>Fabulae</span> <span class='ocrx_word' id='word_1_54' title='bbox 719 1051 754 1110; x_wconf 93' lang='lat' dir='ltr'>de</span> <span class='ocrx_word' id='word_1_55' title='bbox 766 1051 946 1110; x_wconf 84' lang='lat' dir='ltr'>Deucalionis</span> <span class='ocrx_word' id='word_1_56' title='bbox 968 1050 1109 1128; x_wconf 78' lang='lat' dir='ltr'>lapidibus,</span> 
     </span>
     <span class='ocr_line' id='line_1_9' title="bbox 237 1151 1110 1234; baseline -0.006 -21"><span class='ocrx_word' id='word_1_57' title='bbox 237 1153 354 1214; x_wconf 82' lang='lat' dir='ltr'>Saturni</span> <span class='ocrx_word' id='word_1_58' title='bbox 380 1173 472 1234; x_wconf 85' lang='lat' dir='ltr'>regno</span> <span class='ocrx_word' id='word_1_59' title='bbox 498 1159 528 1212; x_wconf 88' lang='lat' dir='ltr'>et</span> <span class='ocrx_word' id='word_1_60' title='bbox 553 1151 630 1211; x_wconf 84' lang='lat' dir='ltr'>furto</span> <span class='ocrx_word' id='word_1_61' title='bbox 656 1152 831 1223; x_wconf 77' lang='lat' dir='ltr'>Promethei,</span> <span class='ocrx_word' id='word_1_62' title='bbox 863 1159 946 1210; x_wconf 90' lang='lat' dir='ltr'>utet</span> <span class='ocrx_word' id='word_1_63' title='bbox 967 1171 1032 1212; x_wconf 90' lang='lat' dir='ltr'>cum</span> <span class='ocrx_word' id='word_1_64' title='bbox 1054 1159 1110 1212; x_wconf 83' lang='lat' dir='ltr'>oute</span> 
     </span>
     <span class='ocr_line' id='line_1_10' title="bbox 237 1253 1109 1333; baseline -0.003 -18"><span class='ocrx_word' id='word_1_65' title='bbox 237 1256 320 1315; x_wconf 80' lang='lat' dir='ltr'>dictis</span> <span class='ocrx_word' id='word_1_66' title='bbox 346 1255 441 1314; x_wconf 90' lang='lat' dir='ltr'>muudi</span> <span class='ocrx_word' id='word_1_67' title='bbox 467 1253 555 1313; x_wconf 90' lang='lat' dir='ltr'>initiis</span> <span class='ocrx_word' id='word_1_68' title='bbox 576 1261 606 1313; x_wconf 88' lang='lat' dir='ltr'>e&#39;t</span> <span class='ocrx_word' id='word_1_69' title='bbox 626 1254 700 1312; x_wconf 90' lang='lat' dir='ltr'>iuter</span> <span class='ocrx_word' id='word_1_70' title='bbox 720 1273 752 1312; x_wconf 86' lang='lat' dir='ltr'>se</span> <span class='ocrx_word' id='word_1_71' title='bbox 773 1261 838 1333; x_wconf 87' lang='lat' dir='ltr'>apte</span> <span class='ocrx_word' id='word_1_72' title='bbox 859 1255 1050 1325; x_wconf 75' lang='lat' dir='ltr'>cohaereant,</span> <span class='ocrx_word' id='word_1_73' title='bbox 1080 1273 1109 1311; x_wconf 84' lang='lat' dir='ltr'>ex</span> 
     </span>
     <span class='ocr_line' id='line_1_11' title="bbox 237 1355 1109 1435; baseline -0.006 -19"><span class='ocrx_word' id='word_1_74' title='bbox 237 1359 321 1416; x_wconf 83' lang='lat' dir='ltr'>rebus</span> <span class='ocrx_word' id='word_1_75' title='bbox 346 1358 425 1418; x_wconf 84' lang='lat' dir='ltr'>vorle</span> <span class='ocrx_word' id='word_1_76' title='bbox 454 1363 484 1415; x_wconf 90' lang='lat' dir='ltr'>et</span> <span class='ocrx_word' id='word_1_77' title='bbox 511 1355 622 1416; x_wconf 88' lang='lat' dir='ltr'>traditis</span> <span class='ocrx_word' id='word_1_78' title='bbox 648 1362 678 1415; x_wconf 89' lang='lat' dir='ltr'>et</span> <span class='ocrx_word' id='word_1_79' title='bbox 702 1355 851 1414; x_wconf 78' lang='lat' dir='ltr'>intellectis</span> <span class='ocrx_word' id='word_1_80' title='bbox 877 1355 922 1414; x_wconf 79' lang='lat' dir='ltr'>liic</span> <span class='ocrx_word' id='word_1_81' title='bbox 943 1356 1015 1414; x_wconf 90' lang='lat' dir='ltr'>ordo</span> <span class='ocrx_word' id='word_1_82' title='bbox 1040 1355 1109 1435; x_wconf 84' lang='lat' dir='ltr'>cogi-</span> 
     </span>
    </p>
   </div>
   <div class='ocr_carea' id='block_1_3' title="bbox 236 1451 1160 1544">
    <p class='ocr_par' dir='ltr' id='par_1_3' title="bbox 236 1451 1160 1544">
     <span class='ocr_line' id='line_1_12' title="bbox 236 1451 1160 1544; baseline -0.002 -27"><span class='ocrx_word' id='word_1_83' title='bbox 236 1459 339 1518; x_wconf 89' lang='lat' dir='ltr'>tandus</span> <span class='ocrx_word' id='word_1_84' title='bbox 365 1457 413 1516; x_wconf 89' lang='lat' dir='ltr'>sit.</span> <span class='ocrx_word' id='word_1_85' title='bbox 456 1457 551 1544; x_wconf 78' lang='lat' dir='ltr'>Primo</span> <span class='ocrx_word' id='word_1_86' title='bbox 577 1458 641 1517; x_wconf 87' lang='lat' dir='ltr'>loco</span> <span class='ocrx_word' id='word_1_87' title='bbox 662 1477 761 1516; x_wconf 88' lang='lat' dir='ltr'>recens</span> <span class='ocrx_word' id='word_1_88' title='bbox 781 1456 870 1540; x_wconf 73' lang='lat' dir='ltr'>crecti</span> <span class='ocrx_word' id='word_1_89' title='bbox 889 1457 1025 1527; x_wconf 81' lang='lat' dir='ltr'>Krane,</span> <span class='ocrx_word' id='word_1_90' title='bbox 1047 1457 1107 1524; x_wconf 81' lang='lat' dir='ltr'>sire,</span> <span class='ocrx_word' id='word_1_91' title='bbox 1159 1451 1160 1454; x_wconf 55' lang='grc'>’</span> 
     </span>
    </p>
   </div>
   <div class='ocr_carea' id='block_1_4' title="bbox 194 1557 1108 2453">
    <p class='ocr_par' dir='ltr' id='par_1_4' title="bbox 194 1557 1108 2453">
     <span class='ocr_line' id='line_1_13' title="bbox 237 1557 1108 1640; baseline -0.003 -22"><span class='ocrx_word' id='word_1_92' title='bbox 237 1579 318 1638; x_wconf 89' lang='lat' dir='ltr'>quem</span> <span class='ocrx_word' id='word_1_93' title='bbox 344 1557 464 1617; x_wconf 86' lang='lat' dir='ltr'>Romani</span> <span class='ocrx_word' id='word_1_94' title='bbox 490 1558 634 1630; x_wconf 86' lang='lat' dir='ltr'>dicebaut,</span> <span class='ocrx_word' id='word_1_95' title='bbox 665 1561 813 1619; x_wconf 75' lang='lat' dir='ltr'>Saturno</span> <span class='ocrx_word' id='word_1_96' title='bbox 834 1579 905 1640; x_wconf 87' lang='lat' dir='ltr'>rege</span> <span class='ocrx_word' id='word_1_97' title='bbox 926 1558 1047 1617; x_wconf 79' lang='lat' dir='ltr'>&#39;litnuio</span> <span class='ocrx_word' id='word_1_98' title='bbox 1066 1576 1108 1616; x_wconf 87' lang='lat' dir='ltr'>uu·</span> 
     </span>
     <span class='ocr_line' id='line_1_14' title="bbox 235 1659 1106 1741; baseline -0.003 -22"><span class='ocrx_word' id='word_1_99' title='bbox 235 1679 313 1719; x_wconf 85' lang='lat' dir='ltr'>reum</span> <span class='ocrx_word' id='word_1_100' title='bbox 334 1659 475 1717; x_wconf 88' lang='lat' dir='ltr'>soeculum</span> <span class='ocrx_word' id='word_1_101' title='bbox 494 1659 673 1720; x_wconf 86' lang='lat' dir='ltr'>innocentiae</span> <span class='ocrx_word' id='word_1_102' title='bbox 694 1662 842 1741; x_wconf 81' lang='lat' dir='ltr'>degerunt,</span> <span class='ocrx_word' id='word_1_103' title='bbox 864 1679 974 1738; x_wconf 81' lang='lat' dir='ltr'>semper</span> <span class='ocrx_word' id='word_1_104' title='bbox 986 1661 1106 1739; x_wconf 82' lang='lat' dir='ltr'>juvenes,</span> 
     </span>
     <span class='ocr_line' id='line_1_15' title="bbox 235 1743 1107 1841; baseline -0.002 -21"><span class='ocrx_word' id='word_1_105' title='bbox 235 1761 313 1820; x_wconf 91' lang='lat' dir='ltr'>nullo</span> <span class='ocrx_word' id='word_1_106' title='bbox 339 1760 436 1818; x_wconf 85' lang='lat' dir='ltr'>labore</span> <span class='ocrx_word' id='word_1_107' title='bbox 457 1767 487 1818; x_wconf 90' lang='lat' dir='ltr'>et</span> <span class='ocrx_word' id='word_1_108' title='bbox 507 1743 620 1833; x_wconf 79' lang='lat' dir='ltr'>morbo,</span> <span class='ocrx_word' id='word_1_109' title='bbox 648 1763 816 1841; x_wconf 88' lang='lat' dir='ltr'>sempiterno</span> <span class='ocrx_word' id='word_1_110' title='bbox 837 1781 904 1823; x_wconf 85' lang='lat' dir='ltr'>vere</span> <span class='ocrx_word' id='word_1_111' title='bbox 926 1768 956 1820; x_wconf 85' lang='lat' dir='ltr'>et</span> <span class='ocrx_word' id='word_1_112' title='bbox 976 1759 1107 1820; x_wconf 80' lang='lat' dir='ltr'>fructuum</span> 
     </span>
     <span class='ocr_line' id='line_1_16' title="bbox 236 1863 1105 1942; baseline -0.005 -20"><span class='ocrx_word' id='word_1_113' title='bbox 236 1881 289 1922; x_wconf 86' lang='lat' dir='ltr'>sna</span> <span class='ocrx_word' id='word_1_114' title='bbox 315 1868 416 1942; x_wconf 86' lang='lat' dir='ltr'>sponte</span> <span class='ocrx_word' id='word_1_115' title='bbox 443 1864 616 1924; x_wconf 85' lang='lat' dir='ltr'>nasccntium</span> <span class='ocrx_word' id='word_1_116' title='bbox 643 1863 827 1935; x_wconf 84' lang='lat' dir='ltr'>abundantia,</span> <span class='ocrx_word' id='word_1_117' title='bbox 859 1865 949 1921; x_wconf 90' lang='lat' dir='ltr'>donec</span> <span class='ocrx_word' id='word_1_118' title='bbox 970 1869 1033 1941; x_wconf 88' lang='lat' dir='ltr'>post</span> <span class='ocrx_word' id='word_1_119' title='bbox 1052 1863 1105 1919; x_wconf 90' lang='lat' dir='ltr'>lon·</span> 
     </span>
     <span class='ocr_line' id='line_1_17' title="bbox 236 1956 1104 2048; baseline -0.003 -24"><span class='ocrx_word' id='word_1_120' title='bbox 236 1985 302 2048; x_wconf 80' lang='lat' dir='ltr'>gam</span> <span class='ocrx_word' id='word_1_121' title='bbox 323 1964 485 2025; x_wconf 85' lang='lat' dir='ltr'>felicitatem</span> <span class='ocrx_word' id='word_1_122' title='bbox 500 1956 586 2046; x_wconf 26' lang='lat' dir='ltr'>&#39;quasi</span> <span class='ocrx_word' id='word_1_123' title='bbox 607 1965 862 2044; x_wconf 74' lang='lat' dir='ltr'>sopitiobierriut&#39;</span> <span class='ocrx_word' id='word_1_124' title='bbox 892 1965 1026 2024; x_wconf 83' lang='lat' dir='ltr'>Proximo</span> <span class='ocrx_word' id='word_1_125' title='bbox 1040 1965 1104 2031; x_wconf 84' lang='lat' dir='ltr'>loon,</span> 
     </span>
     <span class='ocr_line' id='line_1_18' title="bbox 236 2061 1104 2147; baseline -0.007 -19"><span class='ocrx_word' id='word_1_126' title='bbox 236 2061 509 2147; x_wconf 69' lang='lat' dir='ltr'>Zaigsivelupiter</span> <span class='ocrx_word' id='word_1_127' title='bbox 529 2074 766 2147; x_wconf 70' lang='lat' dir='ltr'>quo-regnnret,</span> <span class='ocrx_word' id='word_1_128' title='bbox 788 2087 860 2146; x_wconf 86' lang='lat' dir='ltr'>gens</span> <span class='ocrx_word' id='word_1_129' title='bbox 882 2073 945 2126; x_wconf 87' lang='lat' dir='ltr'>erut</span> <span class='ocrx_word' id='word_1_130' title='bbox 967 2071 1104 2147; x_wconf 77' lang='lat' dir='ltr'>argentea,</span> 
     </span>
     <span class='ocr_line' id='line_1_19' title="bbox 194 2165 1103 2251; baseline -0.008 -23"><span class='ocrx_word' id='word_1_131' title='bbox 194 2247 196 2251; x_wconf 20' lang='grc' dir='ltr'>Ι</span> <span class='ocrx_word' id='word_1_132' title='bbox 231 2171 280 2251; x_wconf 79' lang='lat' dir='ltr'>jus</span> <span class='ocrx_word' id='word_1_133' title='bbox 309 2177 374 2250; x_wconf 87' lang='lat' dir='ltr'>post</span> <span class='ocrx_word' id='word_1_134' title='bbox 400 2175 510 2228; x_wconf 89' lang='lat' dir='ltr'>centum</span> <span class='ocrx_word' id='word_1_135' title='bbox 536 2168 852 2248; x_wconf 30' lang='lat' dir='ltr'>ouuorumlpueritiom,</span> <span class='ocrx_word' id='word_1_136' title='bbox 879 2187 947 2228; x_wconf 86' lang='lat' dir='ltr'>raro</span> <span class='ocrx_word' id='word_1_137' title='bbox 970 2165 1103 2248; x_wconf 83' lang='lat' dir='ltr'>ajustitie</span> 
     </span>
     <span class='ocr_line' id='line_1_20' title="bbox 236 2268 1103 2352; baseline -0.008 -20"><span class='ocrx_word' id='word_1_138' title='bbox 236 2271 368 2334; x_wconf 76' lang='lat' dir='ltr'>conventi</span> <span class='ocrx_word' id='word_1_139' title='bbox 391 2272 510 2352; x_wconf 83' lang='lat' dir='ltr'>juvenes</span> <span class='ocrx_word' id='word_1_140' title='bbox 536 2290 691 2330; x_wconf 89' lang='lat' dir='ltr'>moerorem</span> <span class='ocrx_word' id='word_1_141' title='bbox 717 2268 771 2328; x_wconf 87' lang='lat' dir='ltr'>sibi</span> <span class='ocrx_word' id='word_1_142' title='bbox 797 2278 827 2329; x_wconf 89' lang='lat' dir='ltr'>et</span> <span class='ocrx_word' id='word_1_143' title='bbox 848 2270 1020 2328; x_wconf 75' lang='lat' dir='ltr'>immaturam</span> <span class='ocrx_word' id='word_1_144' title='bbox 1037 2285 1103 2324; x_wconf 87' lang='lat' dir='ltr'>mor·</span> 
     </span>
     <span class='ocr_line' id='line_1_21' title="bbox 235 2367 1100 2453; baseline -0.007 -18"><span class='ocrx_word' id='word_1_145' title='bbox 235 2381 292 2435; x_wconf 87' lang='lat' dir='ltr'>tem</span> <span class='ocrx_word' id='word_1_146' title='bbox 313 2373 433 2434; x_wconf 85' lang='lat' dir='ltr'>stultitia</span> <span class='ocrx_word' id='word_1_147' title='bbox 454 2393 506 2434; x_wconf 86' lang='lat' dir='ltr'>sue</span> <span class='ocrx_word' id='word_1_148' title='bbox 526 2373 671 2453; x_wconf 83' lang='lat' dir='ltr'>parebant,</span> <span class='ocrx_word' id='word_1_149' title='bbox 692 2371 755 2431; x_wconf 87' lang='lat' dir='ltr'>dum</span> <span class='ocrx_word' id='word_1_150' title='bbox 777 2373 918 2431; x_wconf 84' lang='lat' dir='ltr'>nocebunt</span> <span class='ocrx_word' id='word_1_151' title='bbox 933 2371 1007 2430; x_wconf 86' lang='lat' dir='ltr'>ulter</span> <span class='ocrx_word' id='word_1_152' title='bbox 1022 2367 1100 2436; x_wconf 75' lang='lat' dir='ltr'>alteri,</span> 
     </span>
    </p>
   </div>
   <div class='ocr_carea' id='block_1_5' title="bbox 141 2471 1158 2652">
    <p class='ocr_par' dir='ltr' id='par_1_5' title="bbox 141 2471 1158 2652">
     <span class='ocr_line' id='line_1_22' title="bbox 141 2471 1099 2555; baseline -0.005 -20"><span class='ocrx_word' id='word_1_153' title='bbox 141 2541 145 2555; x_wconf 25' lang='grc' dir='ltr'>ι</span> <span class='ocrx_word' id='word_1_154' title='bbox 235 2483 265 2534; x_wconf 87' lang='lat' dir='ltr'>et</span> <span class='ocrx_word' id='word_1_155' title='bbox 292 2476 346 2532; x_wconf 87' lang='lat' dir='ltr'>diis</span> <span class='ocrx_word' id='word_1_156' title='bbox 374 2476 496 2534; x_wconf 85' lang='lat' dir='ltr'>honores</span> <span class='ocrx_word' id='word_1_157' title='bbox 525 2483 554 2534; x_wconf 88' lang='lat' dir='ltr'>et</span> <span class='ocrx_word' id='word_1_158' title='bbox 580 2494 661 2532; x_wconf 85' lang='lat' dir='ltr'>sacra</span> <span class='ocrx_word' id='word_1_159' title='bbox 688 2475 864 2534; x_wconf 86' lang='lat' dir='ltr'>recusabunt.</span> <span class='ocrx_word' id='word_1_160' title='bbox 907 2473 988 2532; x_wconf 88' lang='lat' dir='ltr'>Nunc</span> <span class='ocrx_word' id='word_1_161' title='bbox 1010 2471 1099 2530; x_wconf 73' lang='lat' dir='ltr'>factm</span> 
     </span>
     <span class='ocr_line' id='line_1_23' title="bbox 235 2573 1158 2652; baseline -0.007 -17"><span class='ocrx_word' id='word_1_162' title='bbox 235 2583 293 2646; x_wconf 78' lang='lat' dir='ltr'>est,</span> <span class='ocrx_word' id='word_1_163' title='bbox 315 2582 347 2632; x_wconf 88' lang='lat' dir='ltr'>ut</span> <span class='ocrx_word' id='word_1_164' title='bbox 368 2573 491 2652; x_wconf 84' lang='lat' dir='ltr'>Jupiter,</span> <span class='ocrx_word' id='word_1_165' title='bbox 514 2573 647 2632; x_wconf 80' lang='lat' dir='ltr'>efferatos</span> <span class='ocrx_word' id='word_1_166' title='bbox 668 2594 749 2652; x_wconf 86' lang='lat' dir='ltr'>quum</span> <span class='ocrx_word' id='word_1_167' title='bbox 772 2576 857 2636; x_wconf 86' lang='lat' dir='ltr'>vellet</span> <span class='ocrx_word' id='word_1_168' title='bbox 877 2574 1046 2634; x_wconf 78' lang='lat' dir='ltr'>necessitate</span> <span class='ocrx_word' id='word_1_169' title='bbox 1063 2589 1100 2628; x_wconf 89' lang='lat' dir='ltr'>so·</span> <span class='ocrx_word' id='word_1_170' title='bbox 1157 2619 1158 2624; x_wconf 15' lang='grc' dir='ltr'>ι</span> 
     </span>
    </p>
   </div>
   <div class='ocr_carea' id='block_1_6' title="bbox 171 2673 1105 3167">
    <p class='ocr_par' dir='ltr' id='par_1_6' title="bbox 171 2673 1105 3167">
     <span class='ocr_line' id='line_1_24' title="bbox 233 2673 1101 2746; baseline -0.007 -10"><span class='ocrx_word' id='word_1_171' title='bbox 233 2679 321 2737; x_wconf 80' lang='lat' dir='ltr'>lentes</span> <span class='ocrx_word' id='word_1_172' title='bbox 350 2682 379 2734; x_wconf 90' lang='lat' dir='ltr'>ct</span> <span class='ocrx_word' id='word_1_173' title='bbox 399 2675 533 2731; x_wconf 87' lang='lat' dir='ltr'>honestos</span> <span class='ocrx_word' id='word_1_174' title='bbox 554 2674 694 2746; x_wconf 84' lang='lat' dir='ltr'>reddere„</span> <span class='ocrx_word' id='word_1_175' title='bbox 715 2677 867 2734; x_wconf 87' lang='lat' dir='ltr'>Saturniae</span> <span class='ocrx_word' id='word_1_176' title='bbox 893 2673 1038 2733; x_wconf 76' lang='lat' dir='ltr'>felicitatis</span> <span class='ocrx_word' id='word_1_177' title='bbox 1062 2691 1101 2732; x_wconf 78' lang='lat' dir='ltr'>ua</span> 
     </span>
     <span class='ocr_line' id='line_1_25' title="bbox 234 2774 1102 2860; baseline -0.009 -22"><span class='ocrx_word' id='word_1_178' title='bbox 234 2778 322 2860; x_wconf 80' lang='lat' dir='ltr'>stigio</span> <span class='ocrx_word' id='word_1_179' title='bbox 353 2797 371 2836; x_wconf 84' lang='lat' dir='ltr'>o</span> <span class='ocrx_word' id='word_1_180' title='bbox 397 2782 474 2834; x_wconf 87' lang='lat' dir='ltr'>terro</span> <span class='ocrx_word' id='word_1_181' title='bbox 499 2774 606 2834; x_wconf 86' lang='lat' dir='ltr'>deleret</span> <span class='ocrx_word' id='word_1_182' title='bbox 626 2777 776 2857; x_wconf 81' lang='lat' dir='ltr'>ignemque</span> <span class='ocrx_word' id='word_1_183' title='bbox 803 2777 989 2836; x_wconf 82' lang='lat' dir='ltr'>absconderet</span> <span class='ocrx_word' id='word_1_184' title='bbox 1015 2777 1064 2834; x_wconf 86' lang='lat' dir='ltr'>Ll.</span> <span class='ocrx_word' id='word_1_185' title='bbox 1083 2774 1102 2843; x_wconf 94' lang='lat' dir='ltr'>l,</span> 
     </span>
     <span class='ocr_line' id='line_1_26' title="bbox 171 2874 1103 2957; baseline -0.013 -13"><span class='ocrx_word' id='word_1_186' title='bbox 171 2875 174 2884; x_wconf 78' lang='grc'><strong>’</strong></span> <span class='ocrx_word' id='word_1_187' title='bbox 235 2890 306 2944; x_wconf 77' lang='grc'><strong>131.</strong></span> <span class='ocrx_word' id='word_1_188' title='bbox 349 2880 406 2939; x_wconf 88' lang='lat' dir='ltr'>Sed</span> <span class='ocrx_word' id='word_1_189' title='bbox 433 2876 548 2936; x_wconf 82' lang='lat' dir='ltr'>Titanis</span> <span class='ocrx_word' id='word_1_190' title='bbox 575 2878 668 2957; x_wconf 82' lang='lat' dir='ltr'>Jopeti</span> <span class='ocrx_word' id='word_1_191' title='bbox 694 2878 769 2938; x_wconf 84' lang='lat' dir='ltr'>filius</span> <span class='ocrx_word' id='word_1_192' title='bbox 795 2875 1010 2940; x_wconf 69' lang='lat' dir='ltr'>Prometheos</span> <span class='ocrx_word' id='word_1_193' title='bbox 1036 2874 1103 2956; x_wconf 87' lang='lat' dir='ltr'>(pru-</span> 
     </span>
     <span class='ocr_line' id='line_1_27' title="bbox 235 2977 1104 3062; baseline -0.009 -18"><span class='ocrx_word' id='word_1_194' title='bbox 235 2986 335 3045; x_wconf 88' lang='lat' dir='ltr'>dente&#39;r</span> <span class='ocrx_word' id='word_1_195' title='bbox 360 2977 565 3062; x_wconf 82' lang='lat' dir='ltr'>prospiciens),</span> <span class='ocrx_word' id='word_1_196' title='bbox 592 2980 654 3058; x_wconf 81' lang='lat' dir='ltr'>qui,</span> <span class='ocrx_word' id='word_1_197' title='bbox 681 3001 738 3040; x_wconf 90' lang='lat' dir='ltr'>uua</span> <span class='ocrx_word' id='word_1_198' title='bbox 759 3001 820 3044; x_wconf 86' lang='lat' dir='ltr'>cum</span> <span class='ocrx_word' id='word_1_199' title='bbox 840 2979 929 3040; x_wconf 82' lang='lat' dir='ltr'>fratre</span> <span class='ocrx_word' id='word_1_200' title='bbox 949 2980 1104 3060; x_wconf 76' lang='lat' dir='ltr'>Epimetheo</span> 
     </span>
     <span class='ocr_line' id='line_1_28' title="bbox 235 3081 1105 3167; baseline -0.009 -21"><span class='ocrx_word' id='word_1_201' title='bbox 235 3083 316 3167; x_wconf 79' lang='lat' dir='ltr'>(sero</span> <span class='ocrx_word' id='word_1_202' title='bbox 342 3081 499 3164; x_wconf 85' lang='lat' dir='ltr'>sapiente),</span> <span class='ocrx_word' id='word_1_203' title='bbox 526 3082 652 3141; x_wconf 86' lang='lat' dir='ltr'>homines</span> <span class='ocrx_word' id='word_1_204' title='bbox 681 3101 698 3142; x_wconf 95' lang='lat' dir='ltr'>e</span> <span class='ocrx_word' id='word_1_205' title='bbox 725 3091 801 3142; x_wconf 88' lang='lat' dir='ltr'>terro</span> <span class='ocrx_word' id='word_1_206' title='bbox 827 3090 990 3142; x_wconf 85' lang='lat' dir='ltr'>crescentes</span> <span class='ocrx_word' id='word_1_207' title='bbox 1009 3081 1105 3144; x_wconf 81' lang='lat' dir='ltr'>uiribus</span> 
     </span>
    </p>
   </div>
   <div class='ocr_carea' id='block_1_7' title="bbox 236 3183 1157 3274">
    <p class='ocr_par' dir='ltr' id='par_1_7' title="bbox 236 3183 1157 3274">
     <span class='ocr_line' id='line_1_29' title="bbox 236 3183 1157 3274; baseline -0.011 -25"><span class='ocrx_word' id='word_1_208' title='bbox 236 3188 404 3256; x_wconf 85' lang='lat' dir='ltr'>donaverat,</span> <span class='ocrx_word' id='word_1_209' title='bbox 426 3185 522 3263; x_wconf 87' lang='lat' dir='ltr'>inepta</span> <span class='ocrx_word' id='word_1_210' title='bbox 543 3183 733 3244; x_wconf 79' lang='lat' dir='ltr'>misericordie</span> <span class='ocrx_word' id='word_1_211' title='bbox 754 3192 908 3264; x_wconf 84' lang='lat' dir='ltr'>correptus,</span> <span class='ocrx_word' id='word_1_212' title='bbox 929 3184 1045 3263; x_wconf 85' lang='lat' dir='ltr'>sepiens</span> <span class='ocrx_word' id='word_1_213' title='bbox 1065 3183 1106 3240; x_wconf 84' lang='lat' dir='ltr'>Jo-</span> <span class='ocrx_word' id='word_1_214' title='bbox 1156 3253 1157 3274; x_wconf 14' lang='grc' dir='ltr'><strong>Χ</strong></span> 
     </span>
    </p>
   </div>
   <div class='ocr_carea' id='block_1_8' title="bbox 235 3284 1108 3567">
    <p class='ocr_par' dir='ltr' id='par_1_8' title="bbox 235 3284 1108 3567">
     <span class='ocr_line' id='line_1_30' title="bbox 235 3284 1107 3366; baseline -0.007 -16"><span class='ocrx_word' id='word_1_215' title='bbox 235 3289 279 3350; x_wconf 78' lang='lat' dir='ltr'>uis</span> <span class='ocrx_word' id='word_1_216' title='bbox 300 3285 444 3348; x_wconf 88' lang='lat' dir='ltr'>consilium</span> <span class='ocrx_word' id='word_1_217' title='bbox 465 3285 573 3344; x_wconf 82' lang='lat' dir='ltr'>irritum</span> <span class='ocrx_word' id='word_1_218' title='bbox 594 3287 727 3359; x_wconf 80' lang='lat' dir='ltr'>reddidit3</span> <span class='ocrx_word' id='word_1_219' title='bbox 758 3287 822 3346; x_wconf 89' lang='lat' dir='ltr'>duur</span> <span class='ocrx_word' id='word_1_220' title='bbox 843 3287 871 3345; x_wconf 93' lang='lat' dir='ltr'>in</span> <span class='ocrx_word' id='word_1_221' title='bbox 893 3285 1019 3366; x_wconf 85' lang='lat' dir='ltr'>firngosa</span> <span class='ocrx_word' id='word_1_222' title='bbox 1040 3284 1107 3344; x_wconf 81' lang='lat' dir='ltr'>lero·</span> 
     </span>
     <span class='ocr_line' id='line_1_31' title="bbox 235 3379 1107 3470; baseline -0.006 -19"><span class='ocrx_word' id='word_1_223' title='bbox 235 3392 282 3451; x_wconf 80' lang='lat' dir='ltr'>lue</span> <span class='ocrx_word' id='word_1_224' title='bbox 303 3386 430 3457; x_wconf 78' lang='lat' dir='ltr'>medulla,</span> <span class='ocrx_word' id='word_1_225' title='bbox 451 3379 572 3468; x_wconf 75' lang='grc' dir='ltr'><strong><em>νάρθηξ</em></strong></span> <span class='ocrx_word' id='word_1_226' title='bbox 591 3389 629 3460; x_wconf 88' lang='grc' dir='ltr'>Χ,</span> <span class='ocrx_word' id='word_1_227' title='bbox 652 3393 701 3449; x_wconf 72' lang='lat'>25.</span> <span class='ocrx_word' id='word_1_228' title='bbox 723 3389 826 3470; x_wconf 82' lang='lat' dir='ltr'>iguem,</span> <span class='ocrx_word' id='word_1_229' title='bbox 848 3407 959 3466; x_wconf 86' lang='lat' dir='ltr'>unoque</span> <span class='ocrx_word' id='word_1_230' title='bbox 974 3407 1038 3446; x_wconf 86' lang='lat' dir='ltr'>cum</span> <span class='ocrx_word' id='word_1_231' title='bbox 1053 3384 1107 3467; x_wconf 81' lang='lat' dir='ltr'>igni</span> 
     </span>
     <span class='ocr_line' id='line_1_32' title="bbox 236 3489 1108 3567; baseline 0.001 -19"><span class='ocrx_word' id='word_1_232' title='bbox 236 3490 306 3555; x_wconf 66' lang='lat' dir='ltr'>artis</span> <span class='ocrx_word' id='word_1_233' title='bbox 334 3489 494 3559; x_wconf 86' lang='lat' dir='ltr'>scientiam,</span> <span class='ocrx_word' id='word_1_234' title='bbox 522 3495 571 3547; x_wconf 88' lang='lat' dir='ltr'>aut</span> <span class='ocrx_word' id='word_1_235' title='bbox 591 3509 608 3548; x_wconf 92' lang='lat' dir='ltr'>e</span> <span class='ocrx_word' id='word_1_236' title='bbox 632 3491 745 3549; x_wconf 80' lang='lat' dir='ltr'>Vulcani</span> <span class='ocrx_word' id='word_1_237' title='bbox 767 3501 850 3567; x_wconf 81' lang='lat' dir='ltr'>etque</span> <span class='ocrx_word' id='word_1_238' title='bbox 871 3490 1016 3551; x_wconf 83' lang='lat' dir='ltr'>llliuervoe</span> <span class='ocrx_word' id='word_1_239' title='bbox 1039 3509 1108 3549; x_wconf 75' lang='lat' dir='ltr'>con·</span> 
     </span>
    </p>
   </div>
   <div class='ocr_carea' id='block_1_9' title="bbox 0 0 1194 4028">
    <p class='ocr_par' dir='ltr' id='par_1_9' title="bbox 0 0 1194 4028">
     <span class='ocr_line' id='line_1_33' title="bbox 0 0 1194 4028; baseline 0 0"><span class='ocrx_word' id='word_1_240' title='bbox 0 0 1194 4028; x_wconf 95' lang='lat' dir='ltr'> </span> 
     </span>
    </p>
   </div>
  </div>
 </body>
</html>
