2444 4020
196 299 260 361 lii
299 322 304 328 ·
432 289 587 349 amona
608 288 660 362 lX,
683 295 819 351 att-29.

196 479 280 538 quam
313 479 370 517 non
398 458 468 518 sato
494 457 604 518 valeret
629 456 773 535 potentia,
805 455 923 535 imperia
951 459 1099 517 Caesaris

195 561 327 640 cupiebat
347 559 475 628 acriora,
497 563 624 636 quaeat
645 557 825 636 impetraret,
847 564 950 616 auctor
957 601 967 629 ,
991 560 1096 630 credo,

195 662 256 740 ipse
282 667 345 718 erat
365 665 481 738 poetae,
509 665 542 717 ut
563 659 654 737 palam
676 678 709 716 se
731 660 834 739 ecloga
854 659 890 717 tle
910 658 969 717 fide
992 661 1093 717 exsol-

194 763 287 823 venda
319 761 489 838 appelleret,
523 779 604 838 quam
638 759 747 817 Caesar
775 759 893 818 dederit.
946 759 1090 818 Profecto

194 862 331 942 Virgilius
358 861 548 920 laudationem
575 861 603 919 in
633 861 736 918 Varum
764 860 902 938 patticam
923 879 960 918 nc
984 881 1090 939 coepe-

193 969 239 1022 rat
266 961 392 1040 quidem‚
425 962 526 1020 nedum
547 961 617 1039 ipsi,
652 960 743 1019 frctus
765 959 971 1034 familiaritate,
1009 963 1086 1040 quoi

195 1063 311 1124 Servius
334 1063 474 1142 opinatur,
496 1063 619 1120 incomta
640 1061 778 1140 principia
799 1061 971 1122 recitaverit.
1008 1062 1086 1127 uait

195 1166 337 1236 enimait,
360 1166 436 1243 quotl
457 1163 563 1222 llloeris
585 1164 660 1221 hune
681 1163 773 1221 locum
795 1163 914 1242 abrupte
934 1163 1084 1234 exemerit,

196 1267 244 1345 qui
282 1267 392 1325 laudem
425 1271 533 1325 tantum
567 1262 690 1322 futuram
725 1283 841 1342 eamque
874 1264 1085 1342 conditionibus

195 1367 339 1432 astrictam
372 1367 538 1446 polliceturt
570 1364 640 1423 Sine
673 1371 775 1422 ornatu
802 1365 915 1444 poiticc
942 1366 1014 1424 lraee
1040 1373 1085 1424 est

195 1467 352 1526 sententia:
380 1467 491 1533 Quodsi
512 1473 567 1537 tu,
587 1466 675 1536 l'are,
703 1466 847 1524 Mantuam
870 1466 952 1524 nobis
974 1485 1082 1538 servm,

148 1613 157 1622 .
194 1569 354 1637 Mantuam,
386 1587 459 1645 quae
489 1566 552 1624 sine
579 1584 658 1625 noxa
685 1586 738 1626 sna
759 1567 795 1625 ob
816 1566 990 1628 vicinitatem
1012 1567 1082 1625 cre-

193 1687 295 1727 monae
321 1685 428 1744 poenar
454 1665 520 1738 luit3
552 1667 658 1725 nostris
685 1668 854 1727 carminibus
880 1675 958 1727 tuum
981 1687 1083 1728 nomen

193 1767 362 1828 cantabitur.
405 1767 513 1825 Fronte
544 1767 688 1828 teneriore
721 1777 910 1847 quum'esset
936 1769 1082 1850 Virgilius,

194 1888 277 1949 quam
310 1875 344 1928 ut
375 1873 427 1927 suo
457 1867 546 1948 ipsius
575 1869 670 1928 cantui
697 1870 824 1928 nonnihil
852 1870 972 1929 tribuat:
1005 1871 1080 1928 Varo

194 1965 349 2043 ser'vatori,
381 1971 477 2049 itaque
506 1969 625 2029 Caesari
653 1971 826 2042 Octaviano,
859 1971 940 2051 cujus
962 1971 1010 2030 ille
1031 1993 1081 2051 po·

194 2073 311 2132 tentiam
334 2071 525 2145 administrat,
553 2072 651 2131 laudes
673 2073 788 2131 nunciat
809 2079 953 2131 cantmnm
976 2073 1080 2130 circum

193 2175 348 2247 Menatem,
369 2173 470 2251 quibus
492 2172 576 2231 etiam
597 2172 721 2248 Lycidas
741 2173 843 2251 aliquis
865 2194 892 2234 v.
915 2181 952 2234 tt
974 2193 1007 2231 ae
1029 2193 1081 2232 an-

193 2280 331 2334 numerat.
382 2274 477 2346 Varo,
501 2294 553 2353 pro
576 2273 661 2344 Varo,
683 2273 711 2330 in
735 2275 869 2333 bonorem
894 2274 967 2333 Vari.
985 2274 1083 2346 *Neo-

194 2381 286 2448 dum,
321 2381 433 2436 vetuste
460 2395 511 2454 pro
538 2377 680 2433 mondum
707 2395 734 2436 v.
765 2383 794 2434 6.
849 2376 910 2434 Hoc
939 2379 1084 2436 eandm

193 2476 335 2536 recentius
364 2476 399 2534 0.
421 2477 459 2534 D
480 2495 518 2534 ex
539 2475 740 2535 flafniensibns
760 2476 874 2535 habent.
918 2475 1098 2537 Cremona·
1214 2477 1215 2530 ἶ

194 2577 230 2636 ad
251 2575 359 2632 Padum
380 2574 455 2632 inter
475 2576 561 2634 urbes
583 2583 646 2636 erat
667 2597 728 2636 oum
749 2577 894 2655 republica
914 2577 1080 2650 sentientes,
1122 2641 1126 2658 Ι

194 2697 265 2758 quas
292 2677 400 2734 Caesar
421 2676 608 2748 Octavianus,
636 2697 674 2735 ex
695 2685 778 2756 pacto
800 2677 1017 2750 triumvirorum,
1039 2680 1081 2740 vi·

194 2779 327 2841 etricibus
348 2795 460 2836 suarum
481 2775 601 2856 partium
623 2777 783 2860 legionibus
805 2779 988 2838 concedebat.
1027 2781 1095 2839 Ve·'

194 2903 255 2943 rum
283 2880 368 2940 ferox
394 2879 474 2938 miles
501 2880 632 2958 quoniam
661 2879 763 2958 ubique
790 2878 862 2939 fines
884 2899 953 2938 suos
975 2881 1082 2962 migra-

193 2987 258 3056 bat,
286 2989 315 3042 et
336 2982 422 3041 multo
444 2982 567 3061 majora,
595 3000 676 3058 quam
698 2981 836 3060 promissa
857 2989 955 3052 erant,
978 2989 1009 3040 et
1032 3003 1083 3063 op·

193 3087 260 3146 tima
294 3103 421 3162 quaeque
454 3081 596 3162 rapiebat,
624 3081 772 3142 Mantua
798 3102 925 3160 quoquc,
953 3085 1083 3160 quamvis

193 3185 383 3262 Caesarianos
404 3191 571 3256 sectaretur,
594 3204 682 3264 agros
704 3203 772 3242 suos
793 3182 898 3243 amisit.
941 3183 1002 3242 Nec
1025 3185 1081 3244 Va·

192 3307 253 3346 rum
281 3292 403 3354 unnim,
431 3286 481 3342 sed
508 3285 665 3344 Pollionem
688 3305 814 3364 quoqne,
849 3283 1003 3344 verisimile
1025 3293 1079 3358 est,

190 3386 220 3446 in
242 3385 358 3444 foedere
375 3384 546 3444 Brundisino
567 3387 618 3445 sub
641 3386 748 3446 exitum
768 3385 835 3445 anni
857 3403 892 3443 ea
915 3386 1078 3457 contulisse,

191 3493 233 3561 nt,
255 3486 330 3564 quod
352 3483 470 3544 Servius
491 3484 519 3542 in
541 3488 801 3548 commentariorum
822 3505 937 3547 auorum
959 3485 1078 3548 exordio
