2444 4020
203 271 270 334 sno
443 261 599 324 eunoun
619 263 696 340 vm,
718 269 855 326 ιιι-ιι.

202 438 262 492 tum
287 431 428 490 imitatur:
465 427 542 510 cuod
570 430 628 491 alia
654 431 756 512 lingua
781 431 830 492 vix
856 433 976 512 assequi
996 436 1102 514 ponit.

202 533 368 594 llotnicnsis
391 533 421 592 C
436 533 521 590 babet
542 535 653 592 ducite
674 537 833 592 camina.

288 642 422 698 69-71.
465 633 678 693 incantamenta
704 635 856 694 carminum
881 633 912 692 in
934 635 1046 694 coelum
1068 643 1100 694 et

202 741 232 798 in
261 746 381 807 terrum,
414 735 443 793 in
471 735 596 794 homines
624 755 681 794 non
709 735 801 794 minus
827 755 908 813 quom
937 736 967 794 in
990 737 1099 796 bestius

202 837 331 900 efficacia
357 842 433 895 suut.
456 869 497 882 —·
518 835 652 896 Lunam
678 839 832 896 decade
855 839 1035 910 deducere,
1066 843 1099 896 ut

202 959 270 1002 suos
293 939 372 1000 uires
399 937 428 996 in
455 937 558 996 herbas
586 937 748 1015 despumet3
780 937 941 1017 sanguineo
963 958 1028 998 earn
1049 957 1097 998 ru·

202 1044 272 1104 bore
297 1039 475 1112 suffundere,
512 1045 562 1097 aut
587 1057 639 1117 pro
666 1037 782 1097 libidine
809 1039 949 1099 inversam
977 1039 1095 1099 circnm-

203 1163 309 1228 ogere,
344 1139 491 1202 ortiliciurn
514 1145 576 1198 erat
597 1159 742 1218 moganum
762 1137 1008 1200 'Ther-salarum
1030 1161 1095 1220 pro-

204 1247 294 1327 prium
301 1243 419 1321 „qnod
446 1248 546 1300 contra
573 1239 709 1299 nitentem
736 1225 904 1300 clamoribus
930 1249 962 1302 et
981 1243 1095 1303 aeribus
1209 1259 1210 1318 1

204 1345 351 1407 concussis
377 1341 542 1421 superstitio
570 1339 723 1400 defendere
750 1343 929 1421 opinabatur.
973 1343 1040 1403 dam
1065 1343 1093 1402 in

202 1445 402 1525 Aristophanis
423 1443 548 1502 Nubibus
570 1463 596 1504 v.
620 1448 681 1504 7⁴9
702 1443 804 1520 aliquis
824 1444 963 1522 loquitur:

304 1574 455 1629 veneficam
472 1590 522 1639 ego
539 1573 601 1625 mihi
618 1575 764 1644 comparem
781 1576 804 1628 si
822 1574 987 1641 Thessalam,

304 1654 405 1711 Lundm
423 1659 456 1708 de
473 1659 546 1708 coelo
564 1656 657 1711 dricom
674 1666 767 1724 nocto,
786 1657 848 1712 triac
867 1677 924 1713 eam
1049 1663 1057 1670 “

303 1738 393 1796 cistae
410 1740 540 1794 detineam
556 1741 706 1796 conclusam
722 1743 791 1798 intra
807 1741 941 1810 circulnm,

303 1826 369 1880 Mihi
391 1823 473 1879 instar
489 1825 588 1894 speculi
605 1829 673 1896 quod
691 1826 740 1895 sit,
762 1828 850 1898 itaque
866 1827 968 1882 servem
984 1828 1090 1882 babens.

201 1953 287 2013 Pluto
312 1930 428 2030 quoque
449 1947 479 2007 in
507 1947 628 2036 Gorgia
640 1949 773 2028 jocetur,
800 1949 950 2010 Thessalis
969 1947 1090 2023 feminis,

201 2053 304 2114 famam
327 2071 400 2122 esse,
422 2056 454 2108 ut
474 2050 567 2108 lunam
589 2049 739 2124 deducent,
762 2051 837 2110 inter
858 2050 1091 2111 familiarissimos

201 2153 312 2216 tantum‘
343 2150 522 2231 contingere.
571 2151 741 2208 incredulis.
759 2171 854 2212 coram
887 2153 954 2211 lune
980 2152 1092 2212 videtur

203 2257 347 2317 obstinata
367 2253 466 2312 fuisse.
508 2240 619 2311 Plinius
640 2251 742 2323 XXX,
767 2260 784 2313 2
808 2254 920 2331 quaerit
940 2253 1091 2325 admirans,

202 2377 323 2438 quonam
345 2355 429 2415 modo
451 2359 481 2412 et
501 2353 612 2432 quando
633 2353 669 2412 ad
687 2359 791 2412 matres
809 2354 990 2426 Thessaliae,
1012 2374 1092 2434 quau
1209 2423 1210 2434 χ

202 2459 276 2536 apud
291 2457 442 2514 Homerum
464 2455 594 2512 Chironis
617 2461 724 2514 tuntum
745 2461 808 2514 orte
828 2455 934 2514 medica
955 2463 987 2514 et
1009 2455 1092 2515 laude
1209 2501 1210 2514 ,

201 2555 302 2616 bellica
328 2554 467 2613 celebrem
493 2573 572 2625 esse,
606 2561 687 2614 moto
706 2555 844 2616 scientiae
865 2556 995 2636 magicae
1015 2556 1090 2615 farra
1209 2571 1210 2610 1

201 2655 375 2739 pervenerit,
406 2661 438 2712 ut
459 2673 616 2734 cognomen
639 2675 734 2714 earum
756 2657 804 2715 diu
825 2657 854 2716 in
876 2657 961 2716 ltulia
981 2677 1090 2737 quoque

201 2759 342 2820 obtineat.
357 2750 470 2836 (nempe
497 2755 580 2828 illud,
610 2775 666 2833 quo
693 2763 795 2836 potens
816 2777 945 2836 quaeque
966 2757 1090 2819 venetica

201 2861 345 2922 Thessala
365 2855 547 2937 nominetur),
568 2856 685 2936 ipseque
705 2859 861 2918 Menander
881 2857 1016 2932 fabulum,
1038 2879 1091 2938 qus

134 3025 137 3030 ,
201 2981 297 3044 nugae
318 2959 483 3020 feminarum
504 2960 597 3018 lunam
618 2959 813 3020 deducentium
835 2960 1010 3040 spectandae
1030 2979 1091 3039 pro·

198 3068 358 3144 ponantur,
397 3057 597 3123 Thessalam
624 3061 876 3142 cognominaverit.
919 3062 1091 3121 Plutarchus

201 3166 242 3223 dc
272 3180 360 3222 orac.
383 3165 449 3234 def.
471 3164 512 3222 ita
532 3163 562 3221 id
582 3162 764 3242 interpretari
785 3169 923 3222 conatur:
950 3163 1092 3244 Aglaoni·
1209 3233 1210 3254 ἦ

201 3283 254 3322 ccn
288 3262 473 3334 Thessalam,
508 3263 646 3345 Agctoris
676 3263 775 3336 tiliam,
805 3271 902 3322 rerum
925 3264 1091 3324 coelestium
1209 3271 1210 3276 ’

201 3361 329 3441 peritam,
351 3362 462 3440 quando
483 3363 608 3424 futurum
630 3376 701 3436 erat,
722 3372 755 3424 ut
775 3365 843 3424 luna
863 3364 1009 3437 deficeret,
1031 3383 1091 3422 nu·

200 3459 317 3524 lienibus
349 3459 541 3540 personuisse,
580 3467 673 3543 lunum
705 3485 738 3526 se
767 3467 803 3526 dc
828 3467 911 3528 coelo
937 3467 1088 3528 dcvomre.
