<?xml version="1.0" encoding="UTF-8"?>
<!DOCTYPE html PUBLIC "-//W3C//DTD XHTML 1.0 Transitional//EN"
    "http://www.w3.org/TR/xhtml1/DTD/xhtml1-transitional.dtd">
<html xmlns="http://www.w3.org/1999/xhtml" xml:lang="en" lang="en">
 <head>
  <title>
</title>
<meta http-equiv="Content-Type" content="text/html;charset=utf-8" />
  <meta name='ocr-system' content='tesseract 3.04.00' />
  <meta name='ocr-capabilities' content='ocr_page ocr_carea ocr_par ocr_line ocrx_word'/>
</head>
<body>
  <div class='ocr_page' id='page_1' title='image "./commentariivirg00vossgoog_0094.png"; bbox 0 0 2340 4036; ppageno 0'>
   <div class='ocr_carea' id='block_1_1' title="bbox 364 201 979 314">
    <p class='ocr_par' dir='ltr' id='par_1_1' title="bbox 364 201 979 314">
     <span class='ocr_line' id='line_1_1' title="bbox 364 201 979 314; baseline 0.003 -13"><span class='ocrx_word' id='word_1_1' title='bbox 364 238 517 302; x_wconf 72' lang='lat' dir='ltr'><strong>uereor</strong></span> <span class='ocrx_word' id='word_1_2' title='bbox 539 201 702 306; x_wconf 74' lang='lat' dir='ltr'><strong>&#39;aarum</strong></span> <span class='ocrx_word' id='word_1_3' title='bbox 935 253 979 314; x_wconf 67' lang='lat' dir='ltr'><strong>ar</strong></span> 
     </span>
    </p>
   </div>
   <div class='ocr_carea' id='block_1_2' title="bbox 127 399 980 488">
    <p class='ocr_par' dir='ltr' id='par_1_2' title="bbox 127 399 980 488">
     <span class='ocr_line' id='line_1_2' title="bbox 127 399 980 488; baseline 0.007 -22"><span class='ocrx_word' id='word_1_4' title='bbox 127 400 179 468; x_wconf 88' lang='grc' dir='ltr'><strong>Μ.</strong></span> <span class='ocrx_word' id='word_1_5' title='bbox 223 399 333 472; x_wconf 82' lang='lat' dir='ltr'><strong>Duloe</strong></span> <span class='ocrx_word' id='word_1_6' title='bbox 367 403 452 470; x_wconf 80' lang='lat' dir='ltr'><strong>satis</strong></span> <span class='ocrx_word' id='word_1_7' title='bbox 486 401 618 485; x_wconf 84' lang='lat' dir='ltr'><strong>humor,</strong></span> <span class='ocrx_word' id='word_1_8' title='bbox 660 401 810 488; x_wconf 78' lang='lat' dir='ltr'><strong>depulsis</strong></span> <span class='ocrx_word' id='word_1_9' title='bbox 844 401 980 475; x_wconf 71' lang='lat' dir='ltr'><strong>mimus</strong></span> 
     </span>
    </p>
   </div>
   <div class='ocr_carea' id='block_1_3' title="bbox 23 497 1058 3388">
    <p class='ocr_par' dir='ltr' id='par_1_3' title="bbox 490 497 619 585">
     <span class='ocr_line' id='line_1_3' title="bbox 490 497 619 585; baseline -0.023 -14"><span class='ocrx_word' id='word_1_10' title='bbox 490 497 619 585; x_wconf 80' lang='lat' dir='ltr'><strong>haedis,</strong></span> 
     </span>
    </p>

    <p class='ocr_par' dir='ltr' id='par_1_4' title="bbox 85 600 1019 1093">
     <span class='ocr_line' id='line_1_4' title="bbox 85 600 959 687; baseline 0.007 -22"><span class='ocrx_word' id='word_1_11' title='bbox 85 602 193 666; x_wconf 85' lang='lat' dir='ltr'><strong>Lenta</strong></span> <span class='ocrx_word' id='word_1_12' title='bbox 212 601 299 664; x_wconf 82' lang='lat' dir='ltr'><strong>salix</strong></span> <span class='ocrx_word' id='word_1_13' title='bbox 318 600 409 668; x_wconf 84' lang='lat' dir='ltr'><strong>foato</strong></span> <span class='ocrx_word' id='word_1_14' title='bbox 429 603 559 687; x_wconf 78' lang='lat' dir='ltr'><strong>peoori3</strong></span> <span class='ocrx_word' id='word_1_15' title='bbox 582 603 658 668; x_wconf 88' lang='lat' dir='ltr'><strong>mihi</strong></span> <span class='ocrx_word' id='word_1_16' title='bbox 676 601 767 668; x_wconf 79' lang='grc' dir='ltr'>ιοΙιιι</span> <span class='ocrx_word' id='word_1_17' title='bbox 785 604 959 686; x_wconf 77' lang='lat' dir='ltr'><strong>Amyntas.</strong></span> 
     </span>
     <span class='ocr_line' id='line_1_5' title="bbox 125 701 980 790; baseline 0.002 -20"><span class='ocrx_word' id='word_1_18' title='bbox 125 701 175 770; x_wconf 77' lang='lat' dir='ltr'><strong>l).</strong></span> <span class='ocrx_word' id='word_1_19' title='bbox 219 701 600 786; x_wconf 81' lang='lat' dir='ltr'><strong>Pollioamatnostram,</strong></span> <span class='ocrx_word' id='word_1_20' title='bbox 619 704 980 790; x_wconf 74' lang='lat' dir='ltr'><strong>quamuisostrustioa,</strong></span> 
     </span>
     <span class='ocr_line' id='line_1_6' title="bbox 488 803 636 870; baseline 0 -2"><span class='ocrx_word' id='word_1_21' title='bbox 488 803 636 870; x_wconf 77' lang='lat' dir='ltr'><strong>Musamr</strong></span> 
     </span>
     <span class='ocr_line' id='line_1_7' title="bbox 85 899 1019 988; baseline 0.009 -24"><span class='ocrx_word' id='word_1_22' title='bbox 85 899 252 985; x_wconf 83' lang='lat' dir='ltr'><strong>Pierides,</strong></span> <span class='ocrx_word' id='word_1_23' title='bbox 275 899 409 966; x_wconf 86' lang='lat' dir='ltr'><strong>vitulam</strong></span> <span class='ocrx_word' id='word_1_24' title='bbox 429 900 548 970; x_wconf 86' lang='lat' dir='ltr'><strong>leotori</strong></span> <span class='ocrx_word' id='word_1_25' title='bbox 564 903 694 988; x_wconf 87' lang='lat' dir='ltr'><strong>pasoite</strong></span> <span class='ocrx_word' id='word_1_26' title='bbox 714 905 842 974; x_wconf 70' lang='lat' dir='ltr'><strong>vermo!</strong></span> <span class='ocrx_word' id='word_1_27' title='bbox 978 921 1019 978; x_wconf 76' lang='lat' dir='ltr'><strong>aa</strong></span> 
     </span>
     <span class='ocr_line' id='line_1_8' title="bbox 125 1000 981 1093; baseline 0.004 -25"><span class='ocrx_word' id='word_1_28' title='bbox 125 1000 176 1068; x_wconf 79' lang='lat' dir='ltr'><strong>M.</strong></span> <span class='ocrx_word' id='word_1_29' title='bbox 221 1001 328 1068; x_wconf 87' lang='lat' dir='ltr'><strong>Pollio</strong></span> <span class='ocrx_word' id='word_1_30' title='bbox 351 1010 385 1068; x_wconf 86' lang='lat' dir='ltr'><strong>et</strong></span> <span class='ocrx_word' id='word_1_31' title='bbox 407 1003 480 1090; x_wconf 88' lang='lat' dir='ltr'><strong>ipso</strong></span> <span class='ocrx_word' id='word_1_32' title='bbox 502 1003 586 1069; x_wconf 80' lang='lat' dir='ltr'><strong>faait</strong></span> <span class='ocrx_word' id='word_1_33' title='bbox 607 1023 694 1066; x_wconf 87' lang='lat' dir='ltr'><strong>nova</strong></span> <span class='ocrx_word' id='word_1_34' title='bbox 720 1007 884 1082; x_wconf 73' lang='lat' dir='ltr'><strong>earminaa</strong></span> <span class='ocrx_word' id='word_1_35' title='bbox 906 1027 981 1093; x_wconf 81' lang='lat' dir='ltr'><strong>pas·</strong></span> 
     </span>
    </p>

    <p class='ocr_par' dir='ltr' id='par_1_5' title="bbox 23 1103 1058 3388">
     <span class='ocr_line' id='line_1_9' title="bbox 491 1103 722 1187; baseline -0.004 -20"><span class='ocrx_word' id='word_1_36' title='bbox 491 1103 557 1167; x_wconf 86' lang='lat' dir='ltr'><strong>oite</strong></span> <span class='ocrx_word' id='word_1_37' title='bbox 579 1109 722 1187; x_wconf 86' lang='lat' dir='ltr'><strong>taurum,</strong></span> 
     </span>
     <span class='ocr_line' id='line_1_10' title="bbox 84 1199 978 1290; baseline 0.009 -25"><span class='ocrx_word' id='word_1_38' title='bbox 84 1199 161 1266; x_wconf 79' lang='lat' dir='ltr'><strong>Jam</strong></span> <span class='ocrx_word' id='word_1_39' title='bbox 179 1221 280 1267; x_wconf 89' lang='lat' dir='ltr'><strong>oornu</strong></span> <span class='ocrx_word' id='word_1_40' title='bbox 293 1209 387 1286; x_wconf 86' lang='lat' dir='ltr'><strong>petat</strong></span> <span class='ocrx_word' id='word_1_41' title='bbox 399 1209 433 1266; x_wconf 87' lang='lat' dir='ltr'><strong>et</strong></span> <span class='ocrx_word' id='word_1_42' title='bbox 448 1201 587 1286; x_wconf 88' lang='lat' dir='ltr'><strong>pedibus</strong></span> <span class='ocrx_word' id='word_1_43' title='bbox 601 1203 655 1288; x_wconf 92' lang='lat' dir='ltr'><strong>qui</strong></span> <span class='ocrx_word' id='word_1_44' title='bbox 673 1211 813 1290; x_wconf 78' lang='lat' dir='ltr'><strong>spargat</strong></span> <span class='ocrx_word' id='word_1_45' title='bbox 825 1202 978 1272; x_wconf 75' lang='lat' dir='ltr'><strong>menam!</strong></span> 
     </span>
     <span class='ocr_line' id='line_1_11' title="bbox 125 1297 978 1392; baseline 0.007 -26"><span class='ocrx_word' id='word_1_46' title='bbox 125 1301 174 1366; x_wconf 79' lang='lat' dir='ltr'><strong>D.</strong></span> <span class='ocrx_word' id='word_1_47' title='bbox 219 1297 282 1375; x_wconf 80' lang='lat' dir='ltr'><strong>uui</strong></span> <span class='ocrx_word' id='word_1_48' title='bbox 307 1309 357 1385; x_wconf 86' lang='lat' dir='ltr'><strong>te,</strong></span> <span class='ocrx_word' id='word_1_49' title='bbox 391 1301 515 1384; x_wconf 85' lang='lat' dir='ltr'><strong>Pollio,</strong></span> <span class='ocrx_word' id='word_1_50' title='bbox 549 1310 656 1387; x_wconf 87' lang='lat' dir='ltr'><strong>amat,</strong></span> <span class='ocrx_word' id='word_1_51' title='bbox 689 1304 814 1390; x_wconf 84' lang='lat' dir='ltr'><strong>veniat,</strong></span> <span class='ocrx_word' id='word_1_52' title='bbox 848 1324 912 1392; x_wconf 88' lang='lat' dir='ltr'><strong>qno</strong></span> <span class='ocrx_word' id='word_1_53' title='bbox 943 1313 978 1372; x_wconf 89' lang='lat' dir='ltr'><strong>te</strong></span> 
     </span>
     <span class='ocr_line' id='line_1_12' title="bbox 489 1395 965 1490; baseline 0.011 -25"><span class='ocrx_word' id='word_1_54' title='bbox 489 1423 617 1490; x_wconf 85' lang='lat' dir='ltr'><strong>quoque</strong></span> <span class='ocrx_word' id='word_1_55' title='bbox 639 1395 779 1486; x_wconf 60' lang='lat' dir='ltr'><strong>gaudem</strong></span> <span class='ocrx_word' id='word_1_56' title='bbox 960 1397 965 1404; x_wconf 77' lang='grc'><strong>’</strong></span> 
     </span>
     <span class='ocr_line' id='line_1_13' title="bbox 83 1499 980 1589; baseline 0.008 -24"><span class='ocrx_word' id='word_1_57' title='bbox 83 1500 185 1568; x_wconf 84' lang='lat' dir='ltr'><strong>Mella</strong></span> <span class='ocrx_word' id='word_1_58' title='bbox 206 1501 311 1568; x_wconf 83' lang='lat' dir='ltr'><strong>fluant</strong></span> <span class='ocrx_word' id='word_1_59' title='bbox 325 1501 384 1586; x_wconf 84' lang='lat' dir='ltr'><strong>itii,</strong></span> <span class='ocrx_word' id='word_1_60' title='bbox 405 1499 496 1568; x_wconf 85' lang='lat' dir='ltr'><strong>ferat</strong></span> <span class='ocrx_word' id='word_1_61' title='bbox 514 1511 549 1568; x_wconf 87' lang='lat' dir='ltr'><strong>et</strong></span> <span class='ocrx_word' id='word_1_62' title='bbox 564 1501 665 1568; x_wconf 84' lang='lat' dir='ltr'><strong>rubus</strong></span> <span class='ocrx_word' id='word_1_63' title='bbox 680 1523 782 1589; x_wconf 85' lang='lat' dir='ltr'><strong>asper</strong></span> <span class='ocrx_word' id='word_1_64' title='bbox 798 1501 980 1572; x_wconf 77' lang='lat' dir='ltr'><strong>amomum!</strong></span> 
     </span>
     <span class='ocr_line' id='line_1_14' title="bbox 122 1601 1021 1692; baseline 0.002 -24"><span class='ocrx_word' id='word_1_65' title='bbox 122 1601 174 1670; x_wconf 90' lang='lat' dir='ltr'><strong>M.</strong></span> <span class='ocrx_word' id='word_1_66' title='bbox 221 1603 284 1677; x_wconf 75' lang='lat' dir='ltr'><strong>Qui</strong></span> <span class='ocrx_word' id='word_1_67' title='bbox 301 1603 440 1670; x_wconf 77' lang='lat' dir='ltr'><strong>Bavium</strong></span> <span class='ocrx_word' id='word_1_68' title='bbox 456 1623 521 1667; x_wconf 89' lang='lat' dir='ltr'><strong>non</strong></span> <span class='ocrx_word' id='word_1_69' title='bbox 533 1603 613 1684; x_wconf 83' lang='lat' dir='ltr'><strong>odit,</strong></span> <span class='ocrx_word' id='word_1_70' title='bbox 634 1611 726 1670; x_wconf 86' lang='lat' dir='ltr'><strong>amet</strong></span> <span class='ocrx_word' id='word_1_71' title='bbox 740 1611 798 1670; x_wconf 88' lang='lat' dir='ltr'><strong>tua</strong></span> <span class='ocrx_word' id='word_1_72' title='bbox 815 1607 1021 1692; x_wconf 62' lang='lat' dir='ltr'><strong>earminauo</strong></span> 
     </span>
     <span class='ocr_line' id='line_1_15' title="bbox 487 1701 613 1768; baseline 0 0"><span class='ocrx_word' id='word_1_73' title='bbox 487 1701 613 1768; x_wconf 84' lang='lat' dir='ltr'><strong>Maevil</strong></span> 
     </span>
     <span class='ocr_line' id='line_1_16' title="bbox 82 1801 952 1891; baseline 0.005 -23"><span class='ocrx_word' id='word_1_74' title='bbox 82 1803 191 1891; x_wconf 81' lang='lat' dir='ltr'><strong>Atque</strong></span> <span class='ocrx_word' id='word_1_75' title='bbox 213 1805 302 1869; x_wconf 78' lang='lat' dir='ltr'><strong>idem</strong></span> <span class='ocrx_word' id='word_1_76' title='bbox 321 1803 437 1888; x_wconf 79' lang='lat' dir='ltr'><strong>jungat</strong></span> <span class='ocrx_word' id='word_1_77' title='bbox 454 1804 571 1888; x_wconf 75' lang='lat' dir='ltr'><strong>vulpes</strong></span> <span class='ocrx_word' id='word_1_78' title='bbox 593 1809 628 1868; x_wconf 91' lang='lat' dir='ltr'><strong>et</strong></span> <span class='ocrx_word' id='word_1_79' title='bbox 644 1801 794 1888; x_wconf 76' lang='lat' dir='ltr'><strong>mulgeat</strong></span> <span class='ocrx_word' id='word_1_80' title='bbox 811 1802 952 1872; x_wconf 76' lang='lat' dir='ltr'><strong>hireos!-</strong></span> 
     </span>
     <span class='ocr_line' id='line_1_17' title="bbox 121 1903 979 1990; baseline 0 -21"><span class='ocrx_word' id='word_1_81' title='bbox 121 1905 174 1970; x_wconf 83' lang='lat' dir='ltr'><strong>D.</strong></span> <span class='ocrx_word' id='word_1_82' title='bbox 220 1905 283 1978; x_wconf 75' lang='lat' dir='ltr'><strong>oui</strong></span> <span class='ocrx_word' id='word_1_83' title='bbox 298 1905 408 1988; x_wconf 78' lang='lat' dir='ltr'><strong>legitis</strong></span> <span class='ocrx_word' id='word_1_84' title='bbox 421 1903 522 1967; x_wconf 88' lang='lat' dir='ltr'><strong>flores</strong></span> <span class='ocrx_word' id='word_1_85' title='bbox 535 1911 569 1966; x_wconf 91' lang='lat' dir='ltr'><strong>et</strong></span> <span class='ocrx_word' id='word_1_86' title='bbox 582 1903 670 1966; x_wconf 88' lang='lat' dir='ltr'><strong>humi</strong></span> <span class='ocrx_word' id='word_1_87' title='bbox 682 1905 856 1969; x_wconf 76' lang='lat' dir='ltr'><strong>nascentia</strong></span> <span class='ocrx_word' id='word_1_88' title='bbox 868 1905 979 1990; x_wconf 77' lang='lat' dir='ltr'><strong>fraga,</strong></span> 
     </span>
     <span class='ocr_line' id='line_1_18' title="bbox 81 1999 980 2091; baseline 0.002 -24"><span class='ocrx_word' id='word_1_89' title='bbox 81 2001 255 2091; x_wconf 73' lang='lat' dir='ltr'><strong>Frigidae,</strong></span> <span class='ocrx_word' id='word_1_90' title='bbox 279 2027 298 2070; x_wconf 92' lang='lat' dir='ltr'><strong>o</strong></span> <span class='ocrx_word' id='word_1_91' title='bbox 320 2004 432 2091; x_wconf 83' lang='lat' dir='ltr'><strong>pueri,</strong></span> <span class='ocrx_word' id='word_1_92' title='bbox 454 2003 561 2088; x_wconf 79' lang='lat' dir='ltr'><strong>fugite</strong></span> <span class='ocrx_word' id='word_1_93' title='bbox 583 1999 673 2068; x_wconf 79' lang='lat' dir='ltr'><strong>bino!</strong></span> <span class='ocrx_word' id='word_1_94' title='bbox 701 2001 787 2068; x_wconf 87' lang='lat' dir='ltr'><strong>latet</strong></span> <span class='ocrx_word' id='word_1_95' title='bbox 808 2005 926 2088; x_wconf 78' lang='lat' dir='ltr'><strong>angui·</strong></span> <span class='ocrx_word' id='word_1_96' title='bbox 946 2004 980 2070; x_wconf 86' lang='lat' dir='ltr'><strong>in</strong></span> 
     </span>
     <span class='ocr_line' id='line_1_19' title="bbox 23 2098 608 2170; baseline -0.002 -1"><span class='ocrx_word' id='word_1_97' title='bbox 23 2107 24 2112; x_wconf 70' lang='grc'>’</span> <span class='ocrx_word' id='word_1_98' title='bbox 489 2098 608 2170; x_wconf 78' lang='lat' dir='ltr'><strong>hortat</strong></span> 
     </span>
     <span class='ocr_line' id='line_1_20' title="bbox 122 2191 980 2286; baseline 0.002 -17"><span class='ocrx_word' id='word_1_99' title='bbox 122 2203 179 2269; x_wconf 83' lang='lat' dir='ltr'><strong>M.</strong></span> <span class='ocrx_word' id='word_1_100' title='bbox 222 2191 377 2284; x_wconf 80' lang='lat' dir='ltr'><strong>Pareite,</strong></span> <span class='ocrx_word' id='word_1_101' title='bbox 400 2221 496 2284; x_wconf 83' lang='lat' dir='ltr'><strong>over,</strong></span> <span class='ocrx_word' id='word_1_102' title='bbox 524 2203 657 2266; x_wconf 86' lang='lat' dir='ltr'><strong>nimium</strong></span> <span class='ocrx_word' id='word_1_103' title='bbox 681 2201 881 2286; x_wconf 80' lang='lat' dir='ltr'><strong>proaedere!</strong></span> <span class='ocrx_word' id='word_1_104' title='bbox 915 2227 980 2271; x_wconf 87' lang='lat' dir='ltr'><strong>noa</strong></span> 
     </span>
     <span class='ocr_line' id='line_1_21' title="bbox 494 2298 695 2386; baseline 0.01 -24"><span class='ocrx_word' id='word_1_105' title='bbox 494 2298 579 2364; x_wconf 87' lang='lat' dir='ltr'><strong>bana</strong></span> <span class='ocrx_word' id='word_1_106' title='bbox 600 2301 695 2386; x_wconf 85' lang='lat' dir='ltr'><strong>ripae</strong></span> 
     </span>
     <span class='ocr_line' id='line_1_22' title="bbox 83 2394 1020 2485; baseline 0.004 -17"><span class='ocrx_word' id='word_1_107' title='bbox 83 2394 256 2470; x_wconf 73' lang='lat' dir='ltr'><strong>credituri</strong></span> <span class='ocrx_word' id='word_1_108' title='bbox 288 2399 360 2485; x_wconf 86' lang='lat' dir='ltr'><strong>ipse</strong></span> <span class='ocrx_word' id='word_1_109' title='bbox 380 2399 470 2464; x_wconf 87' lang='lat' dir='ltr'><strong>aries</strong></span> <span class='ocrx_word' id='word_1_110' title='bbox 487 2399 586 2464; x_wconf 87' lang='lat' dir='ltr'><strong>etiam</strong></span> <span class='ocrx_word' id='word_1_111' title='bbox 608 2421 696 2465; x_wconf 70' lang='lat' dir='ltr'><strong>nmio</strong></span> <span class='ocrx_word' id='word_1_112' title='bbox 715 2398 841 2467; x_wconf 84' lang='lat' dir='ltr'><strong>vallera</strong></span> <span class='ocrx_word' id='word_1_113' title='bbox 858 2401 1020 2472; x_wconf 76' lang='lat' dir='ltr'><strong>siooattoa</strong></span> 
     </span>
     <span class='ocr_line' id='line_1_23' title="bbox 123 2499 981 2590; baseline 0.003 -22"><span class='ocrx_word' id='word_1_114' title='bbox 123 2503 176 2568; x_wconf 89' lang='lat' dir='ltr'><strong>D.</strong></span> <span class='ocrx_word' id='word_1_115' title='bbox 220 2501 351 2584; x_wconf 81' lang='lat' dir='ltr'><strong>Tityre,</strong></span> <span class='ocrx_word' id='word_1_116' title='bbox 363 2499 981 2590; x_wconf 75' lang='lat' dir='ltr'><strong>pascentesaflumiaereioeeapellasi</strong></span> 
     </span>
     <span class='ocr_line' id='line_1_24' title="bbox 82 2601 957 2688; baseline 0.008 -24"><span class='ocrx_word' id='word_1_117' title='bbox 82 2601 178 2688; x_wconf 84' lang='lat' dir='ltr'><strong>Ipso,</strong></span> <span class='ocrx_word' id='word_1_118' title='bbox 190 2602 256 2668; x_wconf 68' lang='lat' dir='ltr'><strong>,ubi</strong></span> <span class='ocrx_word' id='word_1_119' title='bbox 274 2611 406 2688; x_wconf 79' lang='lat' dir='ltr'><strong>tempus</strong></span> <span class='ocrx_word' id='word_1_120' title='bbox 427 2602 506 2684; x_wconf 79' lang='lat' dir='ltr'><strong>erit,</strong></span> <span class='ocrx_word' id='word_1_121' title='bbox 530 2621 646 2666; x_wconf 85' lang='lat' dir='ltr'><strong>omnes</strong></span> <span class='ocrx_word' id='word_1_122' title='bbox 662 2601 695 2665; x_wconf 90' lang='lat' dir='ltr'><strong>in</strong></span> <span class='ocrx_word' id='word_1_123' title='bbox 715 2601 808 2668; x_wconf 87' lang='lat' dir='ltr'><strong>fonte</strong></span> <span class='ocrx_word' id='word_1_124' title='bbox 828 2603 957 2672; x_wconf 86' lang='lat' dir='ltr'><strong>lavabo.</strong></span> 
     </span>
     <span class='ocr_line' id='line_1_25' title="bbox 125 2697 983 2788; baseline 0.005 -20"><span class='ocrx_word' id='word_1_125' title='bbox 125 2703 179 2768; x_wconf 89' lang='lat' dir='ltr'><strong>M.</strong></span> <span class='ocrx_word' id='word_1_126' title='bbox 225 2701 344 2787; x_wconf 78' lang='lat' dir='ltr'><strong>Cogite</strong></span> <span class='ocrx_word' id='word_1_127' title='bbox 366 2723 462 2786; x_wconf 86' lang='lat' dir='ltr'><strong>oves,</strong></span> <span class='ocrx_word' id='word_1_128' title='bbox 490 2697 604 2788; x_wconf 79' lang='lat' dir='ltr'><strong>pueri!</strong></span> <span class='ocrx_word' id='word_1_129' title='bbox 639 2701 668 2765; x_wconf 90' lang='lat' dir='ltr'><strong>si</strong></span> <span class='ocrx_word' id='word_1_130' title='bbox 688 2701 744 2768; x_wconf 89' lang='lat' dir='ltr'><strong>lae</strong></span> <span class='ocrx_word' id='word_1_131' title='bbox 770 2706 983 2788; x_wconf 81' lang='lat' dir='ltr'><strong>praeseperit</strong></span> 
     </span>
     <span class='ocr_line' id='line_1_26' title="bbox 491 2811 619 2886; baseline 0 -20"><span class='ocrx_word' id='word_1_132' title='bbox 491 2811 619 2886; x_wconf 83' lang='lat' dir='ltr'><strong>aestus,</strong></span> 
     </span>
     <span class='ocr_line' id='line_1_27' title="bbox 85 2899 938 2988; baseline 0.002 -22"><span class='ocrx_word' id='word_1_133' title='bbox 85 2901 131 2968; x_wconf 87' lang='lat' dir='ltr'><strong>Ut</strong></span> <span class='ocrx_word' id='word_1_134' title='bbox 148 2917 268 2988; x_wconf 80' lang='lat' dir='ltr'><strong>nuper3</strong></span> <span class='ocrx_word' id='word_1_135' title='bbox 291 2900 417 2968; x_wconf 76' lang='lat' dir='ltr'><strong>frustra</strong></span> <span class='ocrx_word' id='word_1_136' title='bbox 435 2903 663 2988; x_wconf 80' lang='lat' dir='ltr'><strong>pressabimus</strong></span> <span class='ocrx_word' id='word_1_137' title='bbox 682 2899 788 2968; x_wconf 86' lang='lat' dir='ltr'><strong>ubera</strong></span> <span class='ocrx_word' id='word_1_138' title='bbox 808 2903 938 2988; x_wconf 90' lang='lat' dir='ltr'><strong>palmis.</strong></span> 
     </span>
     <span class='ocr_line' id='line_1_28' title="bbox 127 2999 1042 3089; baseline 0.009 -21"><span class='ocrx_word' id='word_1_139' title='bbox 127 3002 176 3068; x_wconf 89' lang='lat' dir='ltr'><strong>D.</strong></span> <span class='ocrx_word' id='word_1_140' title='bbox 222 3002 314 3087; x_wconf 87' lang='lat' dir='ltr'><strong>Heu,</strong></span> <span class='ocrx_word' id='word_1_141' title='bbox 337 2999 417 3069; x_wconf 79' lang='lat' dir='ltr'><strong>heu!</strong></span> <span class='ocrx_word' id='word_1_142' title='bbox 441 3025 538 3089; x_wconf 87' lang='lat' dir='ltr'><strong>quam</strong></span> <span class='ocrx_word' id='word_1_143' title='bbox 560 3004 672 3088; x_wconf 80' lang='lat' dir='ltr'><strong>pingui</strong></span> <span class='ocrx_word' id='word_1_144' title='bbox 694 3024 810 3068; x_wconf 89' lang='lat' dir='ltr'><strong>maoer</strong></span> <span class='ocrx_word' id='word_1_145' title='bbox 829 3012 881 3070; x_wconf 87' lang='lat' dir='ltr'><strong>est</strong></span> <span class='ocrx_word' id='word_1_146' title='bbox 902 3003 1042 3078; x_wconf 81' lang='lat' dir='ltr'><strong>mihitoo</strong></span> 
     </span>
     <span class='ocr_line' id='line_1_29' title="bbox 167 3097 1058 3196; baseline 0.003 -30"><span class='ocrx_word' id='word_1_147' title='bbox 167 3097 172 3108; x_wconf 83' lang='grc'><em>’</em></span> <span class='ocrx_word' id='word_1_148' title='bbox 491 3111 606 3168; x_wconf 89' lang='lat' dir='ltr'><strong>taurus</strong></span> <span class='ocrx_word' id='word_1_149' title='bbox 625 3101 659 3166; x_wconf 92' lang='lat' dir='ltr'><strong>in</strong></span> <span class='ocrx_word' id='word_1_150' title='bbox 678 3100 771 3168; x_wconf 82' lang='lat' dir='ltr'><strong>ervei</strong></span> <span class='ocrx_word' id='word_1_151' title='bbox 1055 3185 1058 3196; x_wconf 92' lang='lat'>.</span> 
     </span>
     <span class='ocr_line' id='line_1_30' title="bbox 86 3201 979 3290; baseline 0.006 -25"><span class='ocrx_word' id='word_1_152' title='bbox 86 3201 177 3270; x_wconf 80' lang='lat' dir='ltr'><strong>Idem</strong></span> <span class='ocrx_word' id='word_1_153' title='bbox 195 3225 289 3268; x_wconf 91' lang='lat' dir='ltr'><strong>amor</strong></span> <span class='ocrx_word' id='word_1_154' title='bbox 305 3203 439 3269; x_wconf 85' lang='lat' dir='ltr'><strong>exitium</strong></span> <span class='ocrx_word' id='word_1_155' title='bbox 452 3201 578 3288; x_wconf 83' lang='lat' dir='ltr'><strong>peoori,</strong></span> <span class='ocrx_word' id='word_1_156' title='bbox 593 3201 790 3288; x_wconf 77' lang='lat' dir='ltr'><strong>pecorisque</strong></span> <span class='ocrx_word' id='word_1_157' title='bbox 805 3201 979 3290; x_wconf 81' lang='lat' dir='ltr'><strong>magistro!</strong></span> 
     </span>
     <span class='ocr_line' id='line_1_31' title="bbox 126 3303 981 3388; baseline -0.004 -19"><span class='ocrx_word' id='word_1_158' title='bbox 126 3303 180 3370; x_wconf 84' lang='lat' dir='ltr'><strong>M.</strong></span> <span class='ocrx_word' id='word_1_159' title='bbox 223 3303 284 3368; x_wconf 86' lang='lat' dir='ltr'><strong>His</strong></span> <span class='ocrx_word' id='word_1_160' title='bbox 300 3309 394 3370; x_wconf 87' lang='lat' dir='ltr'><strong>oerto</strong></span> <span class='ocrx_word' id='word_1_161' title='bbox 412 3322 520 3388; x_wconf 78' lang='lat' dir='ltr'><strong>nequo</strong></span> <span class='ocrx_word' id='word_1_162' title='bbox 538 3321 632 3368; x_wconf 91' lang='lat' dir='ltr'><strong>amor</strong></span> <span class='ocrx_word' id='word_1_163' title='bbox 649 3321 754 3368; x_wconf 87' lang='lat' dir='ltr'><strong>eausa</strong></span> <span class='ocrx_word' id='word_1_164' title='bbox 771 3313 840 3387; x_wconf 88' lang='lat' dir='ltr'><strong>ost;</strong></span> <span class='ocrx_word' id='word_1_165' title='bbox 862 3304 916 3370; x_wconf 82' lang='lat' dir='ltr'><strong>rix</strong></span> <span class='ocrx_word' id='word_1_166' title='bbox 931 3325 981 3368; x_wconf 86' lang='grc' dir='ltr'>οι-</span> 
     </span>
    </p>
   </div>
   <div class='ocr_carea' id='block_1_4' title="bbox 490 3395 837 3551">
    <p class='ocr_par' dir='ltr' id='par_1_6' title="bbox 490 3395 837 3551">
     <span class='ocr_line' id='line_1_32' title="bbox 490 3395 837 3551; baseline 0.026 -86"><span class='ocrx_word' id='word_1_167' title='bbox 490 3399 581 3466; x_wconf 88' lang='lat' dir='ltr'><strong>sibus</strong></span> <span class='ocrx_word' id='word_1_168' title='bbox 599 3395 780 3551; x_wconf 78' lang='lat' dir='ltr'><strong>haerent!6</strong></span> <span class='ocrx_word' id='word_1_169' title='bbox 825 3426 837 3474; x_wconf 57' lang='grc' dir='ltr'>ι</span> 
     </span>
    </p>
   </div>
   <div class='ocr_carea' id='block_1_5' title="bbox 0 0 1174 4036">
    <p class='ocr_par' dir='ltr' id='par_1_7' title="bbox 0 0 1174 4036">
     <span class='ocr_line' id='line_1_33' title="bbox 0 0 1174 4036; baseline 0 1"><span class='ocrx_word' id='word_1_170' title='bbox 0 0 1174 4036; x_wconf 95' lang='lat' dir='ltr'><strong> </strong></span> 
     </span>
    </p>
   </div>
  </div>
 </body>
</html>
