<?xml version="1.0" encoding="UTF-8"?>
<!DOCTYPE html PUBLIC "-//W3C//DTD XHTML 1.0 Transitional//EN"
    "http://www.w3.org/TR/xhtml1/DTD/xhtml1-transitional.dtd">
<html xmlns="http://www.w3.org/1999/xhtml" xml:lang="en" lang="en">
 <head>
  <title>
</title>
<meta http-equiv="Content-Type" content="text/html;charset=utf-8" />
  <meta name='ocr-system' content='tesseract 3.04.00' />
  <meta name='ocr-capabilities' content='ocr_page ocr_carea ocr_par ocr_line ocrx_word'/>
</head>
<body>
  <div class='ocr_page' id='page_1' title='image "./commentariivirg00vossgoog_0069.png"; bbox 0 0 2412 4028; ppageno 0'>
   <div class='ocr_carea' id='block_1_1' title="bbox 189 279 898 350">
    <p class='ocr_par' dir='ltr' id='par_1_1' title="bbox 189 279 898 350">
     <span class='ocr_line' id='line_1_1' title="bbox 189 279 898 350; baseline -0.018 1"><span class='ocrx_word' id='word_1_1' title='bbox 189 289 236 350; x_wconf 71' lang='lat' dir='ltr'><strong>aa</strong></span> <span class='ocrx_word' id='word_1_2' title='bbox 448 281 603 342; x_wconf 79' lang='lat' dir='ltr'><strong>ECLOGA</strong></span> <span class='ocrx_word' id='word_1_3' title='bbox 625 279 659 338; x_wconf 93' lang='lat' dir='ltr'><strong>ll.</strong></span> <span class='ocrx_word' id='word_1_4' title='bbox 683 285 833 342; x_wconf 71' lang='lat'><strong>28-34.</strong></span> <span class='ocrx_word' id='word_1_5' title='bbox 896 321 898 325; x_wconf 66' lang='lat'><strong>,</strong></span> 
     </span>
    </p>
   </div>
   <div class='ocr_carea' id='block_1_2' title="bbox 121 445 1093 1134">
    <p class='ocr_par' dir='ltr' id='par_1_2' title="bbox 121 445 1093 1134">
     <span class='ocr_line' id='line_1_2' title="bbox 192 445 1093 528; baseline -0.007 -18"><span class='ocrx_word' id='word_1_6' title='bbox 192 449 258 510; x_wconf 90' lang='lat' dir='ltr'><strong>dicii</strong></span> <span class='ocrx_word' id='word_1_7' title='bbox 274 447 415 521; x_wconf 78' lang='lat' dir='ltr'><strong>Alexidis,</strong></span> <span class='ocrx_word' id='word_1_8' title='bbox 438 449 617 528; x_wconf 72' lang='lat' dir='ltr'><strong>contemptim</strong></span> <span class='ocrx_word' id='word_1_9' title='bbox 633 448 737 508; x_wconf 83' lang='lat' dir='ltr'><strong>dietum</strong></span> <span class='ocrx_word' id='word_1_10' title='bbox 755 453 807 506; x_wconf 83' lang='lat' dir='ltr'><strong>est.</strong></span> <span class='ocrx_word' id='word_1_11' title='bbox 831 483 834 490; x_wconf 69' lang='grc'><strong><em>»</em></strong></span> <span class='ocrx_word' id='word_1_12' title='bbox 853 445 965 512; x_wconf 73' lang='lat' dir='ltr'><strong>Carae,</strong></span> <span class='ocrx_word' id='word_1_13' title='bbox 973 451 1005 503; x_wconf 91' lang='lat' dir='ltr'><strong>et</strong></span> <span class='ocrx_word' id='word_1_14' title='bbox 1021 463 1093 522; x_wconf 86' lang='lat' dir='ltr'><strong>pra-</strong></span> 
     </span>
     <span class='ocr_line' id='line_1_3' title="bbox 165 545 1091 629; baseline -0.012 -17"><span class='ocrx_word' id='word_1_15' title='bbox 165 571 166 576; x_wconf 51' lang='lat'><em>*</em></span> <span class='ocrx_word' id='word_1_16' title='bbox 190 551 267 612; x_wconf 89' lang='lat' dir='ltr'><strong>xime</strong></span> <span class='ocrx_word' id='word_1_17' title='bbox 287 550 379 612; x_wconf 79' lang='lat' dir='ltr'><strong>villum</strong></span> <span class='ocrx_word' id='word_1_18' title='bbox 402 569 490 628; x_wconf 83' lang='lat' dir='ltr'><strong>perra</strong></span> <span class='ocrx_word' id='word_1_19' title='bbox 511 549 600 629; x_wconf 86' lang='lat' dir='ltr'><strong>ipsius</strong></span> <span class='ocrx_word' id='word_1_20' title='bbox 620 549 734 620; x_wconf 83' lang='lat' dir='ltr'><strong>domus,</strong></span> <span class='ocrx_word' id='word_1_21' title='bbox 766 555 796 606; x_wconf 91' lang='lat' dir='ltr'><strong>et</strong></span> <span class='ocrx_word' id='word_1_22' title='bbox 817 565 902 606; x_wconf 87' lang='lat' dir='ltr'><strong>cosae</strong></span> <span class='ocrx_word' id='word_1_23' title='bbox 929 545 1091 616; x_wconf 76' lang='lat' dir='ltr'><strong>siluestres,</strong></span> 
     </span>
     <span class='ocr_line' id='line_1_4' title="bbox 193 643 1093 730; baseline -0.007 -20"><span class='ocrx_word' id='word_1_24' title='bbox 193 669 266 730; x_wconf 87' lang='lat' dir='ltr'><strong>quae</strong></span> <span class='ocrx_word' id='word_1_25' title='bbox 283 652 319 711; x_wconf 89' lang='lat' dir='ltr'><strong>ad</strong></span> <span class='ocrx_word' id='word_1_26' title='bbox 337 650 533 710; x_wconf 86' lang='lat' dir='ltr'><strong>necessitatem</strong></span> <span class='ocrx_word' id='word_1_27' title='bbox 548 649 672 710; x_wconf 83' lang='lat' dir='ltr'><strong>minores</strong></span> <span class='ocrx_word' id='word_1_28' title='bbox 688 647 827 727; x_wconf 87' lang='lat' dir='ltr'><strong>pastionis</strong></span> <span class='ocrx_word' id='word_1_29' title='bbox 836 645 963 707; x_wconf 82' lang='lat' dir='ltr'><strong>aestivae</strong></span> <span class='ocrx_word' id='word_1_30' title='bbox 979 643 1093 704; x_wconf 82' lang='lat' dir='ltr'><strong>fiebant</strong></span> 
     </span>
     <span class='ocr_line' id='line_1_5' title="bbox 193 747 1092 826; baseline -0.008 -16"><span class='ocrx_word' id='word_1_31' title='bbox 193 754 215 824; x_wconf 94' lang='lat' dir='ltr'><strong>l,</strong></span> <span class='ocrx_word' id='word_1_32' title='bbox 228 759 279 814; x_wconf 81' lang='lat'><strong>79.</strong></span> <span class='ocrx_word' id='word_1_33' title='bbox 323 752 435 810; x_wconf 80' lang='lat' dir='ltr'>Seneca</span> <span class='ocrx_word' id='word_1_34' title='bbox 451 758 568 810; x_wconf 88' lang='lat' dir='ltr'><strong>auctore</strong></span> <span class='ocrx_word' id='word_1_35' title='bbox 583 767 632 824; x_wconf 77' lang='lat' dir='ltr'><strong>ep.</strong></span> <span class='ocrx_word' id='word_1_36' title='bbox 653 756 696 809; x_wconf 86' lang='grc'><strong>90</strong></span> <span class='ocrx_word' id='word_1_37' title='bbox 714 767 812 819; x_wconf 86' lang='lat' dir='ltr'><strong>casae,</strong></span> <span class='ocrx_word' id='word_1_38' title='bbox 835 747 932 826; x_wconf 85' lang='lat' dir='ltr'><strong>quales</strong></span> <span class='ocrx_word' id='word_1_39' title='bbox 949 747 1092 825; x_wconf 83' lang='lat' dir='ltr'><strong>majomnr</strong></span> 
     </span>
     <span class='ocr_line' id='line_1_6' title="bbox 193 847 1091 930; baseline -0.007 -18"><span class='ocrx_word' id='word_1_40' title='bbox 193 853 281 912; x_wconf 83' lang='lat' dir='ltr'><strong>fuisse</strong></span> <span class='ocrx_word' id='word_1_41' title='bbox 303 851 404 924; x_wconf 74' lang='lat' dir='ltr'><strong>aedit,</strong></span> <span class='ocrx_word' id='word_1_42' title='bbox 426 871 463 910; x_wconf 82' lang='lat' dir='ltr'><strong>ex</strong></span> <span class='ocrx_word' id='word_1_43' title='bbox 487 851 575 910; x_wconf 74' lang='lat' dir='ltr'><strong>ferreis</strong></span> <span class='ocrx_word' id='word_1_44' title='bbox 597 849 796 930; x_wconf 73' lang='lat' dir='ltr'><strong>erigebantur,</strong></span> <span class='ocrx_word' id='word_1_45' title='bbox 819 867 891 928; x_wconf 89' lang='lat' dir='ltr'><strong>quae</strong></span> <span class='ocrx_word' id='word_1_46' title='bbox 913 847 1022 908; x_wconf 80' lang='lat' dir='ltr'><strong>declive</strong></span> <span class='ocrx_word' id='word_1_47' title='bbox 1044 853 1091 906; x_wconf 84' lang='lat' dir='ltr'><strong>te·</strong></span> 
     </span>
     <span class='ocr_line' id='line_1_7' title="bbox 194 947 1091 1030; baseline -0.007 -18"><span class='ocrx_word' id='word_1_48' title='bbox 194 961 268 1012; x_wconf 90' lang='lat' dir='ltr'><strong>etum</strong></span> <span class='ocrx_word' id='word_1_49' title='bbox 288 952 474 1022; x_wconf 83' lang='lat' dir='ltr'><strong>sustinebant,</strong></span> <span class='ocrx_word' id='word_1_50' title='bbox 496 953 651 1030; x_wconf 87' lang='lat' dir='ltr'><strong>quoderat</strong></span> <span class='ocrx_word' id='word_1_51' title='bbox 670 969 708 1008; x_wconf 85' lang='lat' dir='ltr'><strong>ex</strong></span> <span class='ocrx_word' id='word_1_52' title='bbox 724 950 819 1021; x_wconf 77' lang='lat' dir='ltr'><strong>minis,</strong></span> <span class='ocrx_word' id='word_1_53' title='bbox 838 969 855 1008; x_wconf 92' lang='lat' dir='ltr'><strong>e</strong></span> <span class='ocrx_word' id='word_1_54' title='bbox 872 947 969 1008; x_wconf 78' lang='lat' dir='ltr'><strong>culmis</strong></span> <span class='ocrx_word' id='word_1_55' title='bbox 985 953 1016 1006; x_wconf 88' lang='lat' dir='ltr'><strong>et</strong></span> <span class='ocrx_word' id='word_1_56' title='bbox 1036 947 1091 1006; x_wconf 84' lang='lat' dir='ltr'><strong>sti-</strong></span> 
     </span>
     <span class='ocr_line' id='line_1_8' title="bbox 121 1047 1091 1134; baseline -0.004 -22"><span class='ocrx_word' id='word_1_57' title='bbox 121 1095 125 1112; x_wconf 90' lang='lat'>.</span> <span class='ocrx_word' id='word_1_58' title='bbox 160 1085 162 1092; x_wconf 83' lang='grc'><em>·</em></span> <span class='ocrx_word' id='word_1_59' title='bbox 192 1055 273 1134; x_wconf 88' lang='lat' dir='ltr'><strong>pula,</strong></span> <span class='ocrx_word' id='word_1_60' title='bbox 306 1053 371 1112; x_wconf 88' lang='lat' dir='ltr'><strong>dum</strong></span> <span class='ocrx_word' id='word_1_61' title='bbox 392 1053 529 1131; x_wconf 86' lang='lat' dir='ltr'><strong>parietes,</strong></span> <span class='ocrx_word' id='word_1_62' title='bbox 561 1052 662 1132; x_wconf 77' lang='lat' dir='ltr'><strong>virgea</strong></span> <span class='ocrx_word' id='word_1_63' title='bbox 681 1057 760 1112; x_wconf 87' lang='lat' dir='ltr'><strong>crete</strong></span> <span class='ocrx_word' id='word_1_64' title='bbox 782 1051 870 1121; x_wconf 86' lang='lat' dir='ltr'><strong>texti,</strong></span> <span class='ocrx_word' id='word_1_65' title='bbox 897 1049 957 1108; x_wconf 91' lang='lat' dir='ltr'><strong>luto</strong></span> <span class='ocrx_word' id='word_1_66' title='bbox 979 1047 1091 1108; x_wconf 79' lang='lat' dir='ltr'><strong>obline-</strong></span> 
     </span>
    </p>
   </div>
   <div class='ocr_carea' id='block_1_3' title="bbox 72 1149 1091 1232">
    <p class='ocr_par' dir='ltr' id='par_1_3' title="bbox 72 1149 1091 1232">
     <span class='ocr_line' id='line_1_9' title="bbox 72 1149 1091 1232; baseline -0.009 -17"><span class='ocrx_word' id='word_1_67' title='bbox 72 1199 77 1210; x_wconf 81' lang='grc'><strong>.</strong></span> <span class='ocrx_word' id='word_1_68' title='bbox 195 1156 324 1216; x_wconf 71' lang='grc' dir='ltr'><strong>Ιηιιιῐιπ.Ι</strong></span> <span class='ocrx_word' id='word_1_69' title='bbox 356 1153 492 1216; x_wconf 75' lang='lat' dir='ltr'><strong>Venatio</strong></span> <span class='ocrx_word' id='word_1_70' title='bbox 516 1152 720 1232; x_wconf 73' lang='lat' dir='ltr'><strong>supervacanei</strong></span> <span class='ocrx_word' id='word_1_71' title='bbox 741 1151 836 1230; x_wconf 85' lang='lat' dir='ltr'><strong>operis</strong></span> <span class='ocrx_word' id='word_1_72' title='bbox 858 1149 968 1210; x_wconf 71' lang='lat' dir='ltr'><strong>saleim</strong></span> <span class='ocrx_word' id='word_1_73' title='bbox 988 1155 1091 1226; x_wconf 85' lang='lat' dir='ltr'><strong>pesto-</strong></span> 
     </span>
    </p>
   </div>
   <div class='ocr_carea' id='block_1_4' title="bbox 144 1247 1118 3549">
    <p class='ocr_par' dir='ltr' id='par_1_4' title="bbox 194 1247 1092 1516">
     <span class='ocr_line' id='line_1_10' title="bbox 194 1247 1092 1332; baseline -0.009 -18"><span class='ocrx_word' id='word_1_74' title='bbox 194 1275 256 1314; x_wconf 89' lang='lat' dir='ltr'><strong>raur</strong></span> <span class='ocrx_word' id='word_1_75' title='bbox 277 1275 341 1314; x_wconf 83' lang='lat' dir='ltr'><strong>esse</strong></span> <span class='ocrx_word' id='word_1_76' title='bbox 362 1254 416 1312; x_wconf 86' lang='lat' dir='ltr'><strong>Lb.</strong></span> <span class='ocrx_word' id='word_1_77' title='bbox 439 1255 493 1324; x_wconf 87' lang='grc' dir='ltr'>ΙΙΙ,</span> <span class='ocrx_word' id='word_1_78' title='bbox 516 1259 594 1326; x_wconf 76' lang='lat'>4043</span> <span class='ocrx_word' id='word_1_79' title='bbox 632 1254 711 1332; x_wconf 89' lang='lat' dir='ltr'><strong>cujus</strong></span> <span class='ocrx_word' id='word_1_80' title='bbox 733 1253 770 1311; x_wconf 83' lang='lat' dir='ltr'><strong>ad</strong></span> <span class='ocrx_word' id='word_1_81' title='bbox 790 1270 872 1310; x_wconf 87' lang='lat' dir='ltr'><strong>usum</strong></span> <span class='ocrx_word' id='word_1_82' title='bbox 893 1249 942 1321; x_wconf 92' lang='grc' dir='ltr'>ΙΙΙ,</span> <span class='ocrx_word' id='word_1_83' title='bbox 967 1255 1006 1310; x_wconf 81' lang='lat'><strong>12</strong></span> <span class='ocrx_word' id='word_1_84' title='bbox 1028 1247 1092 1308; x_wconf 86' lang='lat' dir='ltr'><strong>for-</strong></span> 
     </span>
     <span class='ocr_line' id='line_1_11' title="bbox 196 1349 1091 1434; baseline -0.006 -22"><span class='ocrx_word' id='word_1_85' title='bbox 196 1373 291 1412; x_wconf 65' lang='lat' dir='ltr'><strong>mosas</strong></span> <span class='ocrx_word' id='word_1_86' title='bbox 307 1354 434 1432; x_wconf 85' lang='lat' dir='ltr'><strong>Daphnis</strong></span> <span class='ocrx_word' id='word_1_87' title='bbox 450 1373 518 1413; x_wconf 84' lang='lat' dir='ltr'><strong>areu</strong></span> <span class='ocrx_word' id='word_1_88' title='bbox 537 1355 703 1425; x_wconf 77' lang='lat' dir='ltr'><strong>donabatur,</strong></span> <span class='ocrx_word' id='word_1_89' title='bbox 726 1359 755 1412; x_wconf 93' lang='lat' dir='ltr'><strong>et</strong></span> <span class='ocrx_word' id='word_1_90' title='bbox 769 1351 844 1434; x_wconf 88' lang='lat' dir='ltr'><strong>apud</strong></span> <span class='ocrx_word' id='word_1_91' title='bbox 855 1349 1043 1410; x_wconf 78' lang='lat' dir='ltr'><strong>Theocritum</strong></span> <span class='ocrx_word' id='word_1_92' title='bbox 1054 1349 1091 1422; x_wconf 82' lang='lat' dir='ltr'><strong>V,</strong></span> 
     </span>
     <span class='ocr_line' id='line_1_12' title="bbox 197 1453 483 1516; baseline -0.007 -2"><span class='ocrx_word' id='word_1_93' title='bbox 197 1462 257 1516; x_wconf 88' lang='grc'><strong>106</strong></span> <span class='ocrx_word' id='word_1_94' title='bbox 276 1455 375 1513; x_wconf 87' lang='lat' dir='ltr'><strong>Lacon</strong></span> <span class='ocrx_word' id='word_1_95' title='bbox 393 1453 483 1512; x_wconf 78' lang='lat' dir='ltr'><strong>canitt</strong></span> 
     </span>
    </p>

    <p class='ocr_par' dir='ltr' id='par_1_5' title="bbox 263 1566 1118 1652">
     <span class='ocr_line' id='line_1_13' title="bbox 263 1566 1118 1652; baseline -0.008 -28"><span class='ocrx_word' id='word_1_96' title='bbox 263 1569 367 1638; x_wconf 80' lang='lat' dir='ltr'><strong>Quique</strong></span> <span class='ocrx_word' id='word_1_97' title='bbox 382 1571 457 1636; x_wconf 84' lang='lat' dir='ltr'><strong>lupos</strong></span> <span class='ocrx_word' id='word_1_98' title='bbox 474 1575 567 1634; x_wconf 75' lang='lat' dir='ltr'><strong>angat,</strong></span> <span class='ocrx_word' id='word_1_99' title='bbox 585 1567 655 1620; x_wconf 85' lang='lat' dir='ltr'><strong>canis</strong></span> <span class='ocrx_word' id='word_1_100' title='bbox 673 1573 713 1620; x_wconf 88' lang='lat' dir='ltr'><strong>est</strong></span> <span class='ocrx_word' id='word_1_101' title='bbox 729 1567 830 1638; x_wconf 83' lang='lat' dir='ltr'><strong>pecoris</strong></span> <span class='ocrx_word' id='word_1_102' title='bbox 843 1566 907 1620; x_wconf 85' lang='lat' dir='ltr'><strong>milri</strong></span> <span class='ocrx_word' id='word_1_103' title='bbox 923 1571 1020 1632; x_wconf 73' lang='lat' dir='ltr'><strong>numos,</strong></span> <span class='ocrx_word' id='word_1_104' title='bbox 1113 1641 1118 1652; x_wconf 93' lang='lat'>.</span> 
     </span>
    </p>

    <p class='ocr_par' dir='ltr' id='par_1_6' title="bbox 144 1651 1105 3549">
     <span class='ocr_line' id='line_1_14' title="bbox 263 1651 1019 1721; baseline -0.008 -13"><span class='ocrx_word' id='word_1_105' title='bbox 263 1653 349 1708; x_wconf 82' lang='lat' dir='ltr'><strong>Quem</strong></span> <span class='ocrx_word' id='word_1_106' title='bbox 365 1669 446 1721; x_wconf 86' lang='lat' dir='ltr'><strong>puero</strong></span> <span class='ocrx_word' id='word_1_107' title='bbox 463 1655 547 1720; x_wconf 87' lang='lat' dir='ltr'><strong>dono,</strong></span> <span class='ocrx_word' id='word_1_108' title='bbox 564 1658 594 1706; x_wconf 90' lang='lat' dir='ltr'><strong>ut</strong></span> <span class='ocrx_word' id='word_1_109' title='bbox 609 1660 687 1707; x_wconf 81' lang='lat' dir='ltr'><strong>vexet</strong></span> <span class='ocrx_word' id='word_1_110' title='bbox 704 1669 787 1719; x_wconf 82' lang='lat' dir='ltr'><strong>genus</strong></span> <span class='ocrx_word' id='word_1_111' title='bbox 806 1669 882 1706; x_wconf 88' lang='lat' dir='ltr'><strong>omne</strong></span> <span class='ocrx_word' id='word_1_112' title='bbox 897 1651 1019 1704; x_wconf 75' lang='lat' dir='ltr'><strong>termam.</strong></span> 
     </span>
     <span class='ocr_line' id='line_1_15' title="bbox 197 1753 1094 1836; baseline 0.002 -22"><span class='ocrx_word' id='word_1_113' title='bbox 197 1755 324 1814; x_wconf 81' lang='lat' dir='ltr'><strong>&#39;Pontum</strong></span> <span class='ocrx_word' id='word_1_114' title='bbox 339 1756 367 1814; x_wconf 92' lang='lat' dir='ltr'><strong>in</strong></span> <span class='ocrx_word' id='word_1_115' title='bbox 381 1756 480 1816; x_wconf 86' lang='lat' dir='ltr'><strong>Sicilia</strong></span> <span class='ocrx_word' id='word_1_116' title='bbox 497 1763 563 1836; x_wconf 85' lang='lat' dir='ltr'><strong>post</strong></span> <span class='ocrx_word' id='word_1_117' title='bbox 576 1757 677 1816; x_wconf 85' lang='lat' dir='ltr'><strong>bellum</strong></span> <span class='ocrx_word' id='word_1_118' title='bbox 695 1756 798 1817; x_wconf 84' lang='lat' dir='ltr'><strong>servile</strong></span> <span class='ocrx_word' id='word_1_119' title='bbox 815 1755 882 1814; x_wconf 88' lang='lat' dir='ltr'><strong>anni</strong></span> <span class='ocrx_word' id='word_1_120' title='bbox 892 1754 971 1814; x_wconf 81' lang='lat' dir='ltr'><strong>DCL</strong></span> <span class='ocrx_word' id='word_1_121' title='bbox 985 1753 1094 1816; x_wconf 84' lang='lat' dir='ltr'><strong>nemini</strong></span> 
     </span>
     <span class='ocr_line' id='line_1_16' title="bbox 196 1849 1102 1938; baseline 0 -25"><span class='ocrx_word' id='word_1_122' title='bbox 196 1875 281 1916; x_wconf 87' lang='lat' dir='ltr'><strong>servo</strong></span> <span class='ocrx_word' id='word_1_123' title='bbox 298 1857 466 1935; x_wconf 75' lang='lat' dir='ltr'><strong>aliquamdiu</strong></span> <span class='ocrx_word' id='word_1_124' title='bbox 483 1859 563 1918; x_wconf 90' lang='lat' dir='ltr'><strong>licuit</strong></span> <span class='ocrx_word' id='word_1_125' title='bbox 582 1859 667 1916; x_wconf 90' lang='lat' dir='ltr'><strong>tolum</strong></span> <span class='ocrx_word' id='word_1_126' title='bbox 686 1875 803 1938; x_wconf 79' lang='lat' dir='ltr'><strong>gerere3</strong></span> <span class='ocrx_word' id='word_1_127' title='bbox 826 1863 856 1915; x_wconf 88' lang='lat' dir='ltr'><strong>et</strong></span> <span class='ocrx_word' id='word_1_128' title='bbox 872 1857 973 1914; x_wconf 83' lang='lat' dir='ltr'><strong>Cicero</strong></span> <span class='ocrx_word' id='word_1_129' title='bbox 990 1849 1102 1926; x_wconf 76' lang='lat' dir='ltr'><strong>refert,</strong></span> 
     </span>
     <span class='ocr_line' id='line_1_17' title="bbox 198 1957 1093 2038; baseline -0.002 -22"><span class='ocrx_word' id='word_1_130' title='bbox 198 1965 361 2035; x_wconf 85' lang='lat' dir='ltr'><strong>pastorem,</strong></span> <span class='ocrx_word' id='word_1_131' title='bbox 396 1977 479 2037; x_wconf 90' lang='lat' dir='ltr'><strong>quum</strong></span> <span class='ocrx_word' id='word_1_132' title='bbox 505 1979 603 2038; x_wconf 87' lang='lat' dir='ltr'><strong>aprum</strong></span> <span class='ocrx_word' id='word_1_133' title='bbox 629 1958 767 2020; x_wconf 86' lang='lat' dir='ltr'><strong>venabulo</strong></span> <span class='ocrx_word' id='word_1_134' title='bbox 794 1957 1001 2036; x_wconf 77' lang='lat' dir='ltr'><strong>percussisset,</strong></span> <span class='ocrx_word' id='word_1_135' title='bbox 1036 1976 1093 2034; x_wconf 88' lang='lat' dir='ltr'><strong>pro</strong></span> 
     </span>
     <span class='ocr_line' id='line_1_18' title="bbox 197 2057 1093 2140; baseline -0.001 -23"><span class='ocrx_word' id='word_1_136' title='bbox 197 2061 336 2137; x_wconf 88' lang='lat' dir='ltr'><strong>praemio,</strong></span> <span class='ocrx_word' id='word_1_137' title='bbox 371 2061 446 2138; x_wconf 87' lang='lat' dir='ltr'><strong>quod</strong></span> <span class='ocrx_word' id='word_1_138' title='bbox 466 2068 645 2140; x_wconf 84' lang='lat' dir='ltr'><strong>speraverat,</strong></span> <span class='ocrx_word' id='word_1_139' title='bbox 671 2061 754 2138; x_wconf 78' lang='lat' dir='ltr'><strong>jussu</strong></span> <span class='ocrx_word' id='word_1_140' title='bbox 772 2057 912 2135; x_wconf 89' lang='lat' dir='ltr'><strong>praetoris</strong></span> <span class='ocrx_word' id='word_1_141' title='bbox 932 2057 960 2115; x_wconf 95' lang='lat' dir='ltr'><strong>in</strong></span> <span class='ocrx_word' id='word_1_142' title='bbox 979 2075 1093 2116; x_wconf 80' lang='lat' dir='ltr'><strong>crucem</strong></span> 
     </span>
     <span class='ocr_line' id='line_1_19' title="bbox 144 2143 1092 2237; baseline -0.002 -19"><span class='ocrx_word' id='word_1_143' title='bbox 144 2177 146 2182; x_wconf 88' lang='lat'>·</span> <span class='ocrx_word' id='word_1_144' title='bbox 172 2143 335 2218; x_wconf 66' lang='lat' dir='ltr'><strong>¹auldatum</strong></span> <span class='ocrx_word' id='word_1_145' title='bbox 359 2179 432 2218; x_wconf 83' lang='lat' dir='ltr'><strong>esse.</strong></span> <span class='ocrx_word' id='word_1_146' title='bbox 483 2161 604 2219; x_wconf 60' lang='lat' dir='ltr'><strong>wenc</strong></span> <span class='ocrx_word' id='word_1_147' title='bbox 628 2167 767 2237; x_wconf 82' lang='lat' dir='ltr'><strong>tamquam</strong></span> <span class='ocrx_word' id='word_1_148' title='bbox 792 2157 1014 2236; x_wconf 85' lang='lat' dir='ltr'><strong>speciosissimas</strong></span> <span class='ocrx_word' id='word_1_149' title='bbox 1039 2177 1092 2216; x_wconf 91' lang='lat' dir='ltr'><strong>uo-</strong></span> 
     </span>
     <span class='ocr_line' id='line_1_20' title="bbox 197 2259 1093 2340; baseline 0.002 -24"><span class='ocrx_word' id='word_1_150' title='bbox 197 2259 286 2318; x_wconf 91' lang='lat' dir='ltr'><strong>minat</strong></span> <span class='ocrx_word' id='word_1_151' title='bbox 307 2259 430 2319; x_wconf 85' lang='lat' dir='ltr'><strong>ferarum</strong></span> <span class='ocrx_word' id='word_1_152' title='bbox 449 2261 553 2320; x_wconf 88' lang='lat' dir='ltr'><strong>nullum</strong></span> <span class='ocrx_word' id='word_1_153' title='bbox 571 2261 722 2340; x_wconf 89' lang='lat' dir='ltr'><strong>periculum</strong></span> <span class='ocrx_word' id='word_1_154' title='bbox 747 2259 919 2318; x_wconf 77' lang='lat' dir='ltr'><strong>minantium.</strong></span> <span class='ocrx_word' id='word_1_155' title='bbox 963 2259 1093 2336; x_wconf 72' lang='lat' dir='ltr'><strong>digere</strong></span> 
     </span>
     <span class='ocr_line' id='line_1_21' title="bbox 197 2359 1105 2434; baseline -0.003 -16"><span class='ocrx_word' id='word_1_156' title='bbox 197 2379 326 2434; x_wconf 73' lang='lat' dir='ltr'><strong>cervos,</strong></span> <span class='ocrx_word' id='word_1_157' title='bbox 351 2383 450 2424; x_wconf 86' lang='lat' dir='ltr'><strong>cervos</strong></span> <span class='ocrx_word' id='word_1_158' title='bbox 470 2363 527 2422; x_wconf 91' lang='lat' dir='ltr'><strong>telo</strong></span> <span class='ocrx_word' id='word_1_159' title='bbox 544 2361 722 2422; x_wconf 77' lang='lat' dir='ltr'><strong>transfodere</strong></span> <span class='ocrx_word' id='word_1_160' title='bbox 740 2361 793 2420; x_wconf 88' lang='lat' dir='ltr'><strong>Lb.</strong></span> <span class='ocrx_word' id='word_1_161' title='bbox 815 2361 837 2431; x_wconf 90' lang='lat' dir='ltr'><strong>l,</strong></span> <span class='ocrx_word' id='word_1_162' title='bbox 858 2367 929 2421; x_wconf 84' lang='grc'><strong>308.</strong></span> <span class='ocrx_word' id='word_1_163' title='bbox 949 2359 1020 2419; x_wconf 83' lang='lat' dir='ltr'><strong>Aen.</strong></span> <span class='ocrx_word' id='word_1_164' title='bbox 1042 2359 1105 2432; x_wconf 55' lang='lat' dir='ltr'><strong>Vl„</strong></span> 
     </span>
     <span class='ocr_line' id='line_1_22' title="bbox 198 2459 1091 2548; baseline -0.008 -24"><span class='ocrx_word' id='word_1_165' title='bbox 198 2470 270 2524; x_wconf 80' lang='lat'><strong>803.</strong></span> <span class='ocrx_word' id='word_1_166' title='bbox 295 2464 453 2528; x_wconf 68' lang='lat' dir='ltr'><strong>,Quoniam</strong></span> <span class='ocrx_word' id='word_1_167' title='bbox 470 2469 559 2522; x_wconf 76' lang='lat' dir='ltr'><strong>cerui</strong></span> <span class='ocrx_word' id='word_1_168' title='bbox 576 2462 640 2522; x_wconf 88' lang='lat' dir='ltr'><strong>valli</strong></span> <span class='ocrx_word' id='word_1_169' title='bbox 657 2461 685 2520; x_wconf 92' lang='lat' dir='ltr'><strong>in</strong></span> <span class='ocrx_word' id='word_1_170' title='bbox 709 2462 781 2520; x_wconf 75' lang='lat' dir='ltr'><strong>luello</strong></span> <span class='ocrx_word' id='word_1_171' title='bbox 805 2467 872 2520; x_wconf 88' lang='lat' dir='ltr'><strong>sunt</strong></span> <span class='ocrx_word' id='word_1_172' title='bbox 890 2459 1032 2548; x_wconf 72' lang='lat' dir='ltr'><strong>furcarum</strong></span> <span class='ocrx_word' id='word_1_173' title='bbox 1051 2459 1091 2518; x_wconf 87' lang='lat' dir='ltr'><strong>si·</strong></span> 
     </span>
     <span class='ocr_line' id='line_1_23' title="bbox 197 2561 1091 2640; baseline -0.002 -20"><span class='ocrx_word' id='word_1_174' title='bbox 197 2563 352 2620; x_wconf 76' lang='lat' dir='ltr'><strong>milimdine</strong></span> <span class='ocrx_word' id='word_1_175' title='bbox 367 2562 449 2620; x_wconf 78' lang='lat' dir='ltr'><strong>Varr.</strong></span> <span class='ocrx_word' id='word_1_176' title='bbox 464 2562 500 2620; x_wconf 64' lang='lat' dir='ltr'><strong>ln.</strong></span> <span class='ocrx_word' id='word_1_177' title='bbox 512 2562 547 2620; x_wconf 84' lang='lat' dir='ltr'><strong>L.</strong></span> <span class='ocrx_word' id='word_1_178' title='bbox 566 2562 613 2632; x_wconf 87' lang='lat' dir='ltr'><strong>lV,</strong></span> <span class='ocrx_word' id='word_1_179' title='bbox 633 2583 660 2640; x_wconf 90' lang='lat' dir='ltr'><strong>p.</strong></span> <span class='ocrx_word' id='word_1_180' title='bbox 675 2569 714 2624; x_wconf 77' lang='lat'><strong>29</strong></span> <span class='ocrx_word' id='word_1_181' title='bbox 732 2569 762 2621; x_wconf 87' lang='lat' dir='ltr'><strong>et</strong></span> <span class='ocrx_word' id='word_1_182' title='bbox 780 2583 807 2640; x_wconf 91' lang='lat' dir='ltr'><strong>p.</strong></span> <span class='ocrx_word' id='word_1_183' title='bbox 825 2568 881 2633; x_wconf 74' lang='lat'><strong>343</strong></span> <span class='ocrx_word' id='word_1_184' title='bbox 904 2561 1021 2621; x_wconf 64' lang='lat' dir='ltr'><strong>&amp;rrius</strong></span> <span class='ocrx_word' id='word_1_185' title='bbox 1033 2577 1091 2618; x_wconf 83' lang='lat' dir='ltr'><strong>rua·</strong></span> 
     </span>
     <span class='ocr_line' id='line_1_24' title="bbox 198 2660 1091 2740; baseline 0 -20"><span class='ocrx_word' id='word_1_186' title='bbox 198 2661 258 2720; x_wconf 89' lang='lat' dir='ltr'><strong>vult</strong></span> <span class='ocrx_word' id='word_1_187' title='bbox 274 2660 386 2740; x_wconf 89' lang='lat' dir='ltr'><strong>quidem</strong></span> <span class='ocrx_word' id='word_1_188' title='bbox 403 2681 502 2722; x_wconf 81' lang='lat' dir='ltr'><strong>cervos</strong></span> <span class='ocrx_word' id='word_1_189' title='bbox 520 2660 633 2740; x_wconf 88' lang='lat' dir='ltr'><strong>proprie</strong></span> <span class='ocrx_word' id='word_1_190' title='bbox 655 2663 761 2733; x_wconf 85' lang='lat' dir='ltr'><strong>dictos,</strong></span> <span class='ocrx_word' id='word_1_191' title='bbox 784 2663 834 2722; x_wconf 90' lang='lat' dir='ltr'><strong>sed</strong></span> <span class='ocrx_word' id='word_1_192' title='bbox 849 2670 943 2721; x_wconf 87' lang='lat' dir='ltr'><strong>temen</strong></span> <span class='ocrx_word' id='word_1_193' title='bbox 961 2660 1028 2720; x_wconf 84' lang='lat' dir='ltr'><strong>nilril</strong></span> <span class='ocrx_word' id='word_1_194' title='bbox 1046 2679 1091 2720; x_wconf 88' lang='lat' dir='ltr'><strong>re-</strong></span> 
     </span>
     <span class='ocr_line' id='line_1_25' title="bbox 199 2762 1092 2844; baseline 0.001 -25"><span class='ocrx_word' id='word_1_195' title='bbox 199 2769 293 2832; x_wconf 90' lang='lat' dir='ltr'><strong>cusat,</strong></span> <span class='ocrx_word' id='word_1_196' title='bbox 316 2762 382 2840; x_wconf 86' lang='lat' dir='ltr'><strong>quin</strong></span> <span class='ocrx_word' id='word_1_197' title='bbox 399 2762 495 2822; x_wconf 86' lang='lat' dir='ltr'><strong>furcas</strong></span> <span class='ocrx_word' id='word_1_198' title='bbox 511 2763 555 2822; x_wconf 78' lang='lat' dir='ltr'><strong>liic</strong></span> <span class='ocrx_word' id='word_1_199' title='bbox 573 2763 636 2822; x_wconf 87' lang='lat' dir='ltr'><strong>illos</strong></span> <span class='ocrx_word' id='word_1_200' title='bbox 652 2763 843 2844; x_wconf 77' lang='lat' dir='ltr'><strong>intelligamus</strong></span> <span class='ocrx_word' id='word_1_201' title='bbox 855 2764 891 2822; x_wconf 88' lang='lat' dir='ltr'><strong>ad</strong></span> <span class='ocrx_word' id='word_1_202' title='bbox 907 2782 989 2822; x_wconf 86' lang='lat' dir='ltr'><strong>casas</strong></span> <span class='ocrx_word' id='word_1_203' title='bbox 1005 2779 1092 2842; x_wconf 82' lang='lat' dir='ltr'><strong>ngre-</strong></span> 
     </span>
     <span class='ocr_line' id='line_1_26' title="bbox 199 2861 1091 2944; baseline 0.002 -24"><span class='ocrx_word' id='word_1_204' title='bbox 199 2869 258 2921; x_wconf 85' lang='lat' dir='ltr'><strong>stes</strong></span> <span class='ocrx_word' id='word_1_205' title='bbox 279 2861 397 2922; x_wconf 83' lang='lat' dir='ltr'><strong>defixas.</strong></span> <span class='ocrx_word' id='word_1_206' title='bbox 451 2864 511 2922; x_wconf 85' lang='lat' dir='ltr'><strong>Sed</strong></span> <span class='ocrx_word' id='word_1_207' title='bbox 533 2865 603 2923; x_wconf 89' lang='lat' dir='ltr'><strong>haec</strong></span> <span class='ocrx_word' id='word_1_208' title='bbox 626 2863 721 2942; x_wconf 92' lang='lat' dir='ltr'><strong>opinio</strong></span> <span class='ocrx_word' id='word_1_209' title='bbox 747 2865 792 2924; x_wconf 92' lang='lat' dir='ltr'><strong>vel</strong></span> <span class='ocrx_word' id='word_1_210' title='bbox 820 2865 896 2923; x_wconf 91' lang='lat' dir='ltr'><strong>nullo</strong></span> <span class='ocrx_word' id='word_1_211' title='bbox 921 2869 1091 2944; x_wconf 78' lang='lat' dir='ltr'><strong>argumenta</strong></span> 
     </span>
     <span class='ocr_line' id='line_1_27' title="bbox 198 2963 1092 3044; baseline -0.001 -22"><span class='ocrx_word' id='word_1_212' title='bbox 198 2963 268 3024; x_wconf 86' lang='lat' dir='ltr'><strong>levis</strong></span> <span class='ocrx_word' id='word_1_213' title='bbox 290 2971 348 3035; x_wconf 87' lang='lat' dir='ltr'><strong>est,</strong></span> <span class='ocrx_word' id='word_1_214' title='bbox 378 2963 422 3025; x_wconf 90' lang='lat' dir='ltr'><strong>vel</strong></span> <span class='ocrx_word' id='word_1_215' title='bbox 444 2964 594 3024; x_wconf 87' lang='lat' dir='ltr'><strong>temeraria</strong></span> <span class='ocrx_word' id='word_1_216' title='bbox 620 2965 729 3044; x_wconf 81' lang='lat' dir='ltr'><strong>potius3</strong></span> <span class='ocrx_word' id='word_1_217' title='bbox 761 2985 825 3026; x_wconf 84' lang='lat' dir='ltr'><strong>nam</strong></span> <span class='ocrx_word' id='word_1_218' title='bbox 848 2977 895 3037; x_wconf 73' lang='lat' dir='ltr'><strong>et,</strong></span> <span class='ocrx_word' id='word_1_219' title='bbox 926 2964 1001 3042; x_wconf 79' lang='lat' dir='ltr'><strong>quod</strong></span> <span class='ocrx_word' id='word_1_220' title='bbox 1025 2969 1092 3042; x_wconf 86' lang='lat' dir='ltr'><strong>post</strong></span> 
     </span>
     <span class='ocr_line' id='line_1_28' title="bbox 197 3061 1094 3145; baseline 0.001 -22"><span class='ocrx_word' id='word_1_221' title='bbox 197 3061 352 3124; x_wconf 73' lang='lat' dir='ltr'><strong>habetare</strong></span> <span class='ocrx_word' id='word_1_222' title='bbox 369 3083 467 3124; x_wconf 77' lang='lat' dir='ltr'><strong>casas</strong></span> <span class='ocrx_word' id='word_1_223' title='bbox 483 3066 624 3136; x_wconf 85' lang='lat' dir='ltr'><strong>habemus,</strong></span> <span class='ocrx_word' id='word_1_224' title='bbox 647 3073 679 3124; x_wconf 86' lang='lat' dir='ltr'><strong>ut</strong></span> <span class='ocrx_word' id='word_1_225' title='bbox 690 3085 761 3145; x_wconf 86' lang='lat' dir='ltr'><strong>opus</strong></span> <span class='ocrx_word' id='word_1_226' title='bbox 775 3073 982 3145; x_wconf 80' lang='lat' dir='ltr'><strong>exspectemus,</strong></span> <span class='ocrx_word' id='word_1_227' title='bbox 1004 3083 1094 3124; x_wconf 80' lang='lat' dir='ltr'><strong>causa</strong></span> 
     </span>
     <span class='ocr_line' id='line_1_29' title="bbox 199 3165 1092 3246; baseline 0 -22"><span class='ocrx_word' id='word_1_228' title='bbox 199 3171 252 3236; x_wconf 84' lang='lat' dir='ltr'><strong>est,</strong></span> <span class='ocrx_word' id='word_1_229' title='bbox 274 3166 349 3243; x_wconf 88' lang='lat' dir='ltr'><strong>quod</strong></span> <span class='ocrx_word' id='word_1_230' title='bbox 366 3165 443 3244; x_wconf 85' lang='lat' dir='ltr'><strong>prius</strong></span> <span class='ocrx_word' id='word_1_231' title='bbox 456 3165 523 3224; x_wconf 90' lang='lat' dir='ltr'><strong>illud</strong></span> <span class='ocrx_word' id='word_1_232' title='bbox 541 3173 691 3245; x_wconf 81' lang='lat' dir='ltr'><strong>sequutnr3</strong></span> <span class='ocrx_word' id='word_1_233' title='bbox 713 3173 798 3245; x_wconf 87' lang='lat' dir='ltr'><strong>atque</strong></span> <span class='ocrx_word' id='word_1_234' title='bbox 815 3187 867 3246; x_wconf 91' lang='lat' dir='ltr'><strong>pro</strong></span> <span class='ocrx_word' id='word_1_235' title='bbox 884 3166 1092 3226; x_wconf 82' lang='lat' dir='ltr'><strong>oblectamento</strong></span> 
     </span>
     <span class='ocr_line' id='line_1_30' title="bbox 199 3265 1092 3346; baseline 0 -22"><span class='ocrx_word' id='word_1_236' title='bbox 199 3265 307 3342; x_wconf 86' lang='lat' dir='ltr'><strong>aliquo,</strong></span> <span class='ocrx_word' id='word_1_237' title='bbox 329 3267 404 3344; x_wconf 85' lang='lat' dir='ltr'><strong>quod</strong></span> <span class='ocrx_word' id='word_1_238' title='bbox 425 3273 502 3325; x_wconf 88' lang='lat' dir='ltr'><strong>recte</strong></span> <span class='ocrx_word' id='word_1_239' title='bbox 523 3268 684 3329; x_wconf 75' lang='lat' dir='ltr'><strong>observavit</strong></span> <span class='ocrx_word' id='word_1_240' title='bbox 699 3268 831 3339; x_wconf 83' lang='lat' dir='ltr'><strong>Servius,</strong></span> <span class='ocrx_word' id='word_1_241' title='bbox 854 3269 949 3346; x_wconf 88' lang='lat' dir='ltr'><strong>inepte</strong></span> <span class='ocrx_word' id='word_1_242' title='bbox 969 3265 1092 3344; x_wconf 88' lang='lat' dir='ltr'><strong>sponde-</strong></span> 
     </span>
     <span class='ocr_line' id='line_1_31' title="bbox 199 3366 1093 3448; baseline 0.001 -24"><span class='ocrx_word' id='word_1_243' title='bbox 199 3373 277 3424; x_wconf 89' lang='lat' dir='ltr'><strong>retur</strong></span> <span class='ocrx_word' id='word_1_244' title='bbox 298 3385 393 3444; x_wconf 87' lang='lat' dir='ltr'><strong>opera.</strong></span> <span class='ocrx_word' id='word_1_245' title='bbox 442 3367 554 3427; x_wconf 85' lang='lat' dir='ltr'><strong>Domini</strong></span> <span class='ocrx_word' id='word_1_246' title='bbox 574 3369 602 3428; x_wconf 93' lang='lat' dir='ltr'><strong>in</strong></span> <span class='ocrx_word' id='word_1_247' title='bbox 631 3389 745 3448; x_wconf 85' lang='lat' dir='ltr'><strong>pecore¹</strong></span> <span class='ocrx_word' id='word_1_248' title='bbox 758 3371 924 3443; x_wconf 68' lang='lat' dir='ltr'><strong>praecentio</strong></span> <span class='ocrx_word' id='word_1_249' title='bbox 954 3387 1010 3426; x_wconf 91' lang='lat' dir='ltr'><strong>non</strong></span> <span class='ocrx_word' id='word_1_250' title='bbox 1030 3366 1093 3426; x_wconf 81' lang='lat' dir='ltr'><strong>rrrlt</strong></span> 
     </span>
     <span class='ocr_line' id='line_1_32' title="bbox 186 3455 1088 3549; baseline -0.003 -21"><span class='ocrx_word' id='word_1_251' title='bbox 186 3455 313 3548; x_wconf 73' lang='lat' dir='ltr'><strong>¹pracerum</strong></span> <span class='ocrx_word' id='word_1_252' title='bbox 326 3467 470 3542; x_wconf 84' lang='lat' dir='ltr'><strong>loborare;</strong></span> <span class='ocrx_word' id='word_1_253' title='bbox 493 3476 599 3530; x_wconf 89' lang='lat' dir='ltr'><strong>tantum</strong></span> <span class='ocrx_word' id='word_1_254' title='bbox 612 3471 767 3549; x_wconf 89' lang='lat' dir='ltr'><strong>peculiares</strong></span> <span class='ocrx_word' id='word_1_255' title='bbox 781 3469 940 3547; x_wconf 79' lang='lat' dir='ltr'><strong>Corydonis</strong></span> <span class='ocrx_word' id='word_1_256' title='bbox 954 3465 1088 3541; x_wconf 66' lang='lat' dir='ltr'><strong>haedos,</strong></span> 
     </span>
    </p>
   </div>
   <div class='ocr_carea' id='block_1_5' title="bbox 0 0 1217 4020">
    <p class='ocr_par' dir='ltr' id='par_1_7' title="bbox 0 0 1217 4020">
     <span class='ocr_line' id='line_1_33' title="bbox 0 0 1217 4020; baseline 0 0"><span class='ocrx_word' id='word_1_257' title='bbox 0 0 1217 4020; x_wconf 95' lang='lat' dir='ltr'><strong> </strong></span> 
     </span>
    </p>
   </div>
  </div>
 </body>
</html>
