2340 4036
349 297 503 358 nonnus
526 299 574 359 ur.
597 305 742 365 aa-co.
929 315 996 378 roa

95 485 184 544 quum
209 465 325 556 plantae
351 467 560 541 humescerent3
590 487 719 549 gemmae
742 487 824 548 quum
848 477 994 552 turgesce-

96 573 178 637 rent,
206 565 421 646 granditatem
446 580 600 645 partera,
629 553 760 628 foliorum
778 577 807 628 et
826 567 925 629 florum
945 591 995 632 ex·

96 667 296 746 plicationem3
324 688 468 746 pomorum
490 677 617 741 auctum,
646 670 849 730 educationem.
898 673 995 738 Quare

81 768 128 874 xin
154 768 301 848 Calpurnii
322 769 362 840 ΙΙ,
386 777 425 830 32
447 774 588 847 parim
610 788 765 848 gramen,
797 769 902 830 florens
927 793 994 853 gra·

96 873 163 928 mc'n
189 875 249 928 est:

170 967 206 1018 At
221 955 287 1018 milri*
300 967 381 1020 Flora
397 982 485 1019 comas
501 967 613 1036 parienti
630 969 747 1034 gramine
763 970 871 1038 spargit.

97 1069 196 1128 Plinio
225 1077 342 1129 auctore
360 1069 443 1140 XVI,
465 1077 505 1131 42
530 1090 592 1130 curn
615 1080 758 1146 narcisso,
786 1073 902 1152 primum
924 1079 993 1132 tem·

99 1189 156 1249 pus
187 1171 324 1229 arationis
352 1169 506 1241 nuncians,
539 1169 618 1250 pirus
639 1169 737 1247 floret,
764 1172 852 1242 mdo,
884 1192 992 1245 ceraso,

98 1289 193 1350 pruno
215 1269 334 1342 cnmite3
366 1270 431 1329 hinc
452 1271 549 1329 laurus
572 1278 602 1330 et
631 1291 795 1352 cupressus3
828 1279 884 1331 tum
905 1275 994 1332 malus

97 1371 211 1430 Punica
239 1378 268 1430 et
289 1370 369 1430 ficus.
412 1373 511 1430 Silua
535 1374 697 1443 frondem
726 1381 868 1452 pastorem
890 1374 993 1433 Roma·

97 1492 167 1531 num
188 1479 340 1552 propterea
366 1491 478 1550 qnoque
499 1474 644 1544 movebat,
677 1474 751 1552 quod
773 1474 865 1552 pastio
887 1474 915 1532 in
938 1475 993 1534 sal-

96 1574 177 1632 tibus
211 1573 320 1634 aestiva
352 1573 599 1654 appropinquaret.
655 1574 853 1646 Damoetas,
892 1575 993 1654 quippe

96 1674 266 1745 lacessitus,
300 1674 378 1754 prior
400 1675 490 1748 canit,
519 1694 592 1753 quae
613 1681 680 1733 ante
702 1677 893 1754 composuisse
913 1682 993 1754 pote-

95 1783 162 1849 rat3
184 1776 328 1834 lacessens
350 1777 527 1836 Menalcas
549 1775 624 1834 illico
646 1775 749 1833 imitari
772 1775 864 1834 debet.
910 1775 993 1836 Gors-

96 1876 280 1938 uouebant
299 1875 425 1956 pluribus
446 1875 570 1954 parvulis
591 1875 709 1934 canticis
731 1875 803 1936 varii
824 1878 992 1957 argumenti,

16 1953 19 1969 ⁶
96 1997 175 2056 quae
201 1983 267 2056 post
294 1976 374 2034 binos
402 1977 447 2035 vel
475 1982 629 2053 quaternos
656 1995 771 2046 versus,
806 1976 880 2053 quod
901 1991 1019 2056 genus*

95 2078 144 2138 lric
181 2084 211 2136 et
236 2077 265 2135 in
298 2077 418 2155 septima
445 2063 563 2157 ecloga,
601 2075 712 2134 alterna
738 2083 820 2134 erent
849 2063 1007 2155 (alteras

95 2197 219 2238 ueram
240 2177 302 2246 Vll,
326 2185 376 2245 18,
400 2169 549 2251 ἀμοιβαια
571 2170 663 2236 ἀοιδα
685 2178 811 2236 Theocr.
826 2177 899 2249 Vlll',
923 2176 994 2259 ³¹l3

98 2279 132 2336 in
158 2277 259 2352 quinta
280 2281 310 2332 et
331 2281 434 2332 octava
454 2267 557 2352 ecloga
585 2275 639 2333 duo
661 2283 770 2334 tantum
790 2279 914 2337 carniina
934 2279 994 2337 lon·

97 2374 198 2458 gioris
226 2372 347 2432 ambitus
375 2379 582 2450 comparantur.
632 2375 814 2434 camoenae
843 2377 903 2436 sive
929 2397 995 2436 can·

99 2477 191 2536 tricos
221 2474 275 2548 lex
300 2491 471 2546 carnrena,
505 2471 673 2553 carmena)
695 2476 795 2535 Musae
821 2478 995 2538 allemanie

21 2615 24 2622 ,
100 2577 278 2636 dicebantur.
328 2574 456 2634 Amant
484 2577 636 2648 alterna,
670 2585 786 2655 propter
818 2579 994 2657 multiplicem

101 2685 188 2738 cantu
210 2676 374 2759 praeeuntis
396 2677 585 2762 inventionem
608 2685 638 2735 ct
658 2677 814 2738 adversarii
835 2681 994 2740 contentia·

102 2800 176 2849 nem,
198 2785 231 2836 ut
252 2777 402 2858 ingeniose
423 2789 551 2856 quaeque
572 2775 668 2842 efficta
687 2785 737 2838 aut
757 2778 907 2859 ingeniose
928 2800 995 2839 con-

102 2881 211 2950 tinuet,
247 2885 298 2938 aut
330 2877 430 2938 similia
461 2877 497 2938 iis
529 2884 559 2938 et
585 2876 784 2938 artificiosio'ra
813 2881 993 2957 respondeat.

104 2979 158 3040 llic
184 2999 260 3051 mos,
293 2979 357 3057 qui,
395 2999 470 3038 nunc
497 2979 607 3057 quidem
639 2979 737 3036 rudior
768 2976 875 3050 lactus,
911 2979 995 3042 hodie

105 3099 216 3159 quoque
237 3080 312 3139 inter
332 3079 455 3140 rusticos
477 3079 575 3138 ltaliae
596 3086 627 3137 et
648 3079 762 3138 Siciliae
785 3085 883 3157 po'c'tas
905 3081 994 3163 viget,

106 3182 130 3240 si
151 3182 198 3260 qui
213 3180 496 3264 subitaria-carmina
517 3181 623 3249 dicunt,
645 3199 683 3236 ex
704 3179 905 3257 antiquissimis
926 3190 995 3242 tem·

106 3283 220 3361 poribus
241 3281 317 3342 vitae
344 3279 512 3361 pastoritiae
533 3287 591 3352 est3
627 3279 707 3338 utin
736 3281 837 3358 hymno
864 3283 899 3342 ad
921 3285 995 3343 Mer·

106 3383 212 3452 curium
234 3382 387 3444 llomerida
413 3381 499 3440 etiam
524 3380 552 3439 in
576 3379 737 3440 inventione
764 3380 858 3440 lilium
885 3383 937 3444 hae
958 3385 995 3442 si-

108 3482 261 3546 militudine
282 3484 323 3544 uti
345 3481 487 3563 potuerit:
540 3549 542 3554 Ι
