2412 4028
195 285 241 348 aa
455 273 609 334 ncnoan
632 271 667 334 ιι.
693 278 840 338 ιι-ιι,
864 349 867 353 ,

196 445 278 504 Num·
296 440 489 523 ambiguitatis
523 441 627 503 crimen
656 441 750 502 inesse
783 439 818 498 iis
845 437 984 510 dicamus,
1021 459 1097 520 quiae

198 546 243 606 vel
265 545 301 604 ala
323 542 502 624 negligentia
522 541 566 604 vel
587 562 606 602 a
626 539 798 604 scurrilitate
819 540 943 620 pernati
963 541 1098 619 possint'l

197 644 235 706 cl.
257 645 296 716 X,
318 651 370 706 46.
572 703 573 708 ,

285 748 431 807 23-24.
476 743 580 804 Canto
602 762 692 822 oeque
719 741 810 820 perito
831 747 916 819 atque
937 741 1099 802 Thebanus

198 843 373 920 Amphion,
398 844 509 922 quando
532 831 659 905 armenta
677 861 784 911 vocare
802 842 922 902 solebat.
966 843 1098 904 Cantus

199 947 309 1024 maceri
340 945 451 1006 solebat
482 941 584 1007 fistulis
617 950 648 1004 et
680 941 792 1002 fidibus.
845 943 1033 1022 Polyphemus
1067 944 1098 1002 in

200 1047 351 1108 Theocriti
370 1046 423 1116 xl,
446 1051 487 1106 38
510 1051 576 1122 post
596 1051 750 1106 memorata
770 1045 812 1104 ita
831 1045 942 1125 pergit:

267 1181 365 1230 Doctus
383 1181 410 1229 et
426 1181 455 1228 at
471 1175 556 1232 nullos
574 1177 686 1228 calamos
703 1176 795 1228 inflare
812 1176 965 1243 Cyclopum,

268 1264 324 1326 Te,
342 1259 486 1323 melimela,
505 1275 585 1323 can03
603 1261 680 1312 lando
698 1259 783 1328 ipsum
800 1259 914 1312 asrnnne
930 1275 1010 1327 saepe

268 1347 314 1398 Me
330 1343 407 1407 simul
423 1343 452 1396 in
467 1341 551 1402 noctis
568 1342 688 1409 caligine.

202 1446 376 1526 Crepusculo
409 1445 566 1504 Columella
586 1442 615 1526 ⁰)
646 1446 765 1506 buccina
797 1453 940 1526 pastorem
969 1447 1099 1526 receptui

111 1627 115 1630 ι
202 1567 308 1609 canere
328 1546 412 1617 dicit,
433 1566 516 1625 quam
538 1545 698 1617 lundonae,
719 1547 814 1606 Plinio
829 1545 875 1628 ”)
897 1547 922 1606 si
943 1546 1026 1608 fldon
1046 1550 1100 1608 lra-

202 1651 321 1718 bemus,.
346 1647 439 1728 magis
466 1653 614 1708 sonantem
640 1653 738 1726 pastor
764 1646 883 1710 efficere.
909 1649 1040 1727 putabat,
1073 1650 1100 1710 si

202 1748 324 1808 florete
351 1748 499 1820 sambuco,
535 1769 608 1827 quae
628 1749 698 1830 galli
725 1748 877 1830 gallinacei
905 1756 1017 1810 cantum
1031 1770 1100 1830 'non

203 1847 383 1909 exaudisset:
414 1849 496 1929 cujus
516 1870 588 1909 sono
610 1849 766 1910 esaltibus
787 1850 823 1908 ad
844 1856 926 1930 septo
946 1849 1031 1910 facile
1051 1870 1100 1911 re-

204 1951 323 2010 deuntes
351 1937 438 2012 boves
468 1957 714 2031 recognoscuntur
743 1956 773 2008 ct
794 1934 976 2018 numerantur
993 1952 1022 2022 Ι,
1044 1959 1099 2014 79.

204 2051 258 2110 nb.
280 2051 337 2121 ΙΙΙ,
361 2057 432 2112 224.
476 2050 545 2110 Pari
566 2051 648 2108 modo
670 2050 867 2127 praecedentis
887 2052 1011 2130 pastoris
1033 2053 1099 2113 voci

204 2157 235 2210 et
255 2151 337 2208 sibilo
369 2149 506 2228 parebant
526 2169 595 2210 oves
623 2149 652 2208 in
675 2150 832 2230 Evangelio
854 2152 920 2212 lon.
942 2153 985 2223 Χ,
1008 2160 1044 2223 4,
1066 2160 1100 2212 et

204 2251 232 2310 in
254 2249 396 2329 Apollonii
417 2250 440 2320 l,
463 2253 540 2311 675:

259 2381 346 2433 'Haud
364 2396 438 2433 secus
456 2395 487 2433 aa
503 2379 604 2447 pecoris
621 2381 689 2432 lene
705 2381 772 2448 pasti
789 2381 861 2434 mille
877 2388 1019 2452 sequantur

271 2463 399 2531 Upilionin
415 2463 483 2527 iter,
501 2478 637 2516 mansimus
655 2465 757 2531 quando
775 2466 807 2517 ad
826 2465 893 2518 ovile

257 2546 398 2612 'Vertitur3
417 2545 512 2599 inflatis
530 2545 635 2598 calamis
652 2547 768 2611 graditur
784 2549 856 2616 prior
871 2548 929 2616 ipse

269 2629 363 2682 Paetus
379 2645 459 2682 suave
476 2645 571 2682 mneos
588 2644 701 2682 cannen.

204 2749 236 2806 ln
257 2747 355 2829 Longi
377 2749 404 2819 l,
427 2769 454 2826 p.
477 2752 516 2810 51
546 2747 587 2808 ita
614 2749 701 2811 boves
728 2752 847 2831 syringa
874 2752 954 2832 sequi
975 2772 1095 2814 consus-

204 2856 320 2919 vemat,
353 2856 400 2918 ut,
431 2849 467 2908 als
494 2869 546 2908 oro
573 2840 738 2922 allectatac,
771 2871 788 2911 e
817 2871 888 2912 navo
916 2854 1097 2931 praedatoria

203 2949 312 3028 mugitu
339 2948 368 3006 in
391 2967 467 3008 mare
489 2948 615 3008 insiliant
641 2957 671 3010 et
693 2960 769 3010 retro
796 2958 875 3015 neat.
919 2953 1016 3018 tinore
1036 2955 1095 3016 En·

203 3048 308 3126 ripilaa
337 3048 400 3108 llel.
431 3055 511 3112 1498
538 3050 660 3109 senioris
690 3051 771 3132 gruis
803 3052 831 3112 in
865 3053 954 3131 prino
980 3055 1095 3134 nguine

204 3149 352 3208 clamorem
373 3148 492 3229 syringa
510 3151 687 3228 pastoritiom
707 3159 799 3213 vocat.
844 3154 924 3233 ipsos
945 3173 1096 3234 porcorum

201 3295 405 3308 ”omna—..n-

269 3375 298 3444 ·)
332 3378 388 3430 col.
408 3380 453 3445 vr,
471 3379 514 3448 aa,
534 3381 619 3436 2-3.

269 3457 311 3527 ··)
346 3463 413 3516 eun.
431 3463 456 3516 ι.
475 3481 501 3516 ιι.
520 3467 591 3529 ιιιιι,
608 3465 652 3530 ιι,
670 3465 711 3518 ιι.

1191 2037 1193 2164 l
