2462 4028
216 263 283 326 20ss
477 259 632 320 ECLOGA
653 259 690 332 X,
714 268 850 328 24-25.

214 449 303 512 gere,
330 429 405 508 quod
426 427 501 488 sarna
521 427 647 500 ferebat,
670 431 886 510 septemtriones
906 451 1006 492 versus
1027 435 1104 496 into-

213 529 323 590 lerabili
345 530 530 590 comitabatur
551 551 578 590 v.
601 538 651 592 46.
694 531 1004 612 Perque-perque,
1028 557 1103 596 corn·

214 632 325 712 paratio
353 632 474 710 politica.
523 633 652 692 Romano
685 634 758 692 enirn
789 642 818 694 et
831 634 956 696 ‘Graeco
984 645 1105 698 ornatus

213 734 348 792 minorum
376 753 487 811 quoque
508 733 627 812 partium
650 735 788 794 orationis
811 756 866 794 non
889 737 1104 815 permittebatur
1224 811 1225 824 χ

211 842 333 906 tantum,
365 835 415 893 sed
445 835 529 894 etiam
550 835 753 914 imperabatur:
787 838 878 895 nostri
900 837 1011 898 dicendi
1033 841 1104 900 arti·

78 990 84 1000 ,
211 935 280 996 fines
302 935 351 997 vix
373 955 434 994 eum
456 936 484 994 in
506 937 663 996 nominibus
684 939 868 998 substantivis
888 937 993 998 ferunt.

297 1041 432 1106 24-25,
469 1036 620 1098 Officiosus
642 1039 778 1100 adventus
800 1041 943 1112 Silvani,
965 1043 1028 1121 ejus
1049 1062 1102 1122 po·
1224 1085 1225 1096 r

210 1139 327 1220 pularis,
349 1139 378 1198 in
400 1140 477 1198 cultu
500 1159 551 1198 suo
566 1140 673 1212 italico,
695 1141 790 1200 solatii
812 1141 936 1201 nonnihil
959 1142 988 1200 in
1011 1151 1102 1203 semet
1224 1131 1225 1186 l

210 1261 267 1300 uno
289 1241 383 1313 babet,
405 1241 467 1320 ipse
487 1261 651 1320 quamquam
671 1242 750 1302 rudis
772 1243 874 1324 genius
887 1263 1021 1324 agrorum
1032 1265 1100 1326 ges-

109 1383 112 1396 .
209 1350 256 1402 tus
278 1349 386 1402 tantum
408 1349 438 1402 et
458 1341 587 1423 singulas
608 1345 739 1422 quasdam
760 1364 846 1404 voces
865 1344 956 1415 effert,
980 1347 1099 1406 Graecis

209 1443 263 1502 diis
289 1445 446 1503 orationem
471 1444 642 1524 relinquens.
671 1479 712 1492 -·
737 1447 912 1518 Siluanus,
945 1447 1016 1538 deus
1038 1455 1101 1507 erat
1224 1509 1225 1534 p

208 1551 388 1625 pervetustus
422 1545 532 1604 rudium
567 1547 710 1607 initiorum
743 1547 936 1627 agriculturae
969 1549 1096 1620 Italicae,
1224 1549 1225 1566 l

155 1685 158 1692 ,
208 1665 292 1725 quum
327 1651 458 1724 posterea
490 1645 634 1716 silvicolae
666 1640 794 1726 proxima
824 1667 952 1727 quaeque
980 1649 1099 1711 declivia

207 1747 259 1808 snb
288 1745 369 1829 jugis
400 1729 533 1806 montium
567 1747 654 1806 adore
682 1744 866 1828 (Triticum
891 1751 1014 1824 apelia
1037 1748 1096 1831 L.)

207 1869 368 1922 conserere,
388 1849 500 1928 plantas
521 1868 627 1927 ponere
647 1855 679 1908 et
699 1847 832 1910 finitimos
853 1871 942 1931 agros
963 1850 1094 1912 limitibus

207 1952 369 2012 discernere
390 1949 579 2022 instituerent.
612 1950 694 2010 llnnc
714 1951 796 2010 deum
817 1971 949 2012 arvorum
971 1952 1094 2032 pecoris·

207 2069 262 2132 qne
286 2051 420 2134 Virgilius
440 2053 511 2111 Aen.
533 2051 613 2123 l'lll,
635 2059 697 2113 600
723 2051 798 2112 inter
817 2054 1014 2132 Tyrrlrenicos
1033 2055 1094 2114 Pe-

204 2155 305 2236 lasgos
331 2155 435 2212 cultum
462 2153 491 2210 in
513 2153 584 2211 lucis
604 2153 720 2231 reperit
763 2155 925 2214 Secundum
944 2155 1091 2214 Horatium

205 2263 287 2336 peter
308 2255 457 2326 Silvanus,
479 2259 576 2313 custos
596 2253 726 2330 limitum,
746 2255 782 2314 ab
804 2256 934 2336 agricola
953 2275 1022 2317 nvos
1043 2275 1092 2316 ae·

139 2341 141 2346 ,
205 2359 327 2438 cipiebat
348 2357 438 2436 Epod.
460 2357 501 2426 ll,
524 2364 579 2428 ²²3
607 2363 638 2415 et
657 2376 709 2434 pro
734 2376 829 2438 grege
850 2364 963 2420 servato
985 2357 1032 2417 lec
1058 2377 1093 2418 so

205 2460 261 2518 cris
283 2457 505 2518 auctumnalibus
522 2459 574 2536 up.
597 2457 632 2528 ll,
656 2465 684 2528 1,
708 2464 778 2520 143.
821 2459 978 2521 Secundum
1001 2460 1090 2518 Cato·

204 2579 267 2618 nem
296 2568 334 2620 83
363 2558 550 2618 valetudinem
577 2559 659 2617 bourn
687 2561 840 2620 aMurte
861 2563 1000 2620 Siluano
1028 2557 1089 2639 (qui

203 2661 327 2720 Victoris
348 2660 484 2718 Hercules
496 2659 629 2720 Silvanus
650 2680 714 2720 esse
734 2660 858 2743 videtur)
882 2663 910 2720 in
933 2663 1005 2724 silva
1024 2681 1090 2740 pre-

203 2763 341 2823 cabantur
361 2759 499 2822 sacrificio
521 2758 598 2820 facto
620 2759 840 2848 farrisadorei,
870 2763 958 2838 lardi,
986 2763 1091 2842 pulpae

188 2872 232 2938 et
253 2865 321 2926 vini.
342 2865 423 2944 Apud
441 2863 605 2924 iuvenalem
627 2864 674 2936 Vl,
698 2869 758 2926 446
780 2883 881 2943 porcus
903 2863 930 2924 ei
951 2864 1089 2924 caeditur.

202 2967 329 3026 Lucilius
351 2965 424 3045 apud
445 2966 575 3024 Nonnum
595 2963 632 3036 ll,
655 2970 716 3026 324
737 2965 865 3045 luporum
887 2985 949 3025 eum
971 2971 1089 3024 exacto·

202 3089 261 3128 rem
283 3076 313 3127 et
333 3067 538 3150 fulguratorem
558 3067 687 3126 arborum
708 3073 802 3128 vocat.
835 3067 917 3146 Apud
938 3065 1089 3126 Tibullum

203 3171 256 3230 deo
278 3170 424 3243 silvarum,
446 3171 594 3229 siluestre·
615 3170 673 3227 deo
696 3164 823 3252 (Eun,
847 3174 875 3240 5,
899 3165 968 3249 30),
991 3165 1089 3228 fistula

203 3291 221 3330 a
253 3271 413 3351 pastoribus
444 3273 646 3342 consecratur,
685 3268 829 3348 eidemque
862 3271 916 3329 deo
947 3271 1086 3342 eultrrrae,

202 3373 377 3450 agricolas
398 3374 466 3442 deo,
488 3371 626 3450 primitiae
646 3391 789 3452 pomorum
812 3369 848 3451 (l,
871 3381 900 3443 1,
924 3367 996 3452 td),
1017 3391 1085 3432 nvn-

202 3492 263 3531 rum
284 3491 393 3550 qnoque
408 3477 438 3530 et
451 3472 587 3551 spicarum
599 3472 745 3553 iustaeqne
755 3492 868 3534 mansne
881 3492 933 3553 pro
945 3472 1085 3556 gregibus
