2340 4036
201 685 1013 782 naboon,w.sxs³1.ron·uA.

489 859 739 872 ——-

256 981 259 984 -
291 939 608 1018 nuaunnuui
634 916 930 1026 unuuasross'

527 1107 681 1124 ...ιιι-σί·-

435 1198 485 1254 nu
506 1197 542 1256 u.
563 1198 598 1254 o.
626 1196 779 1288 noenu.

165 1345 240 1416 Cre.
281 1345 492 1416 Domitio
535 1347 736 1418 Caluino
770 1346 828 1418 II.
873 1346 915 1419 θ.
951 1343 1057 1418 Aei-

303 1535 304 1540 ,
362 1481 442 1550 reio
473 1479 693 1553 Pollione
727 1479 850 1552 Coss.

313 1650 596 1740 nuu'runnr
637 1611 901 1710 uuurouu.

253 1763 468 1863 Virgilius
500 1813 643 1850 annum
678 1815 805 1864 agens
835 1797 959 1854 asa-aa

160 1936 246 2020 Vere
273 1960 356 2041 hujus
383 1961 449 2020 anni
481 1960 633 2042 incipiente
655 1963 762 2022 Caesar
784 1961 957 2026 Octavianus
985 1960 1057 2022 uicit

160 2069 298 2130 Perusiae
318 2069 355 2128 L.
377 2067 547 2140 Antonium,
575 2069 699 2147 proximi
720 2071 874 2148 superioris
896 2070 965 2134 anui
986 2090 1056 2130 con-

160 2169 258 2248 sulem,
281 2169 328 2248 qui
349 2188 479 2228 unacum
501 2167 609 2242 fratris,
631 2170 777 2242 triumviri,
799 2170 1056 2250 imperiosauxore

159 2271 259 2332 Fulvia
280 2271 393 2342 turbas,
428 2291 500 2350 quae
528 2271 564 2330 de
591 2271 670 2352 agris
699 2271 857 2332 dividundis
885 2278 982 2343 arant,
1019 2271 1058 2332 cd

161 2371 263 2430 bellum
285 2373 470 2432 excitaverat.
514 2372 626 2431 Exinde
645 2373 685 2432 M.
706 2372 862 2445 Antonius,
884 2392 967 2451 quum
989 2378 1058 2450 post

162 2491 286 2552 pugnarn
306 2472 529 2551 Philippensem,
562 2492 637 2535 anuo
659 2473 792 2533 DCCXll
813 2472 931 2545 iactans,
964 2491 1057 2551 paene

162 2572 271 2630 otiosus
303 2591 391 2652 prope
419 2572 599 2652 Cleopatram
631 2581 778 2636 venustam
809 2580 935 2634 moratus
968 2578 1057 2643 esset,

161 2672 284 2753 fugienti
312 2673 341 2732 in
371 2673 494 2736 Graecia
520 2673 641 2736 Fuluiae
669 2676 778 2736 obviarn
805 2673 914 2750 factus,
946 2675 1000 2732 hac
1027 2680 1059 2734 et

161 2774 302 2833 sociorum
336 2774 597 2846 sollicitationibus,
637 2776 728 2834 Asinii
760 2776 898 2836 Pollionis
926 2775 994 2834 Cos.
1028 2780 1059 2834 et

161 2875 278 2934 Domitii
304 2875 498 2946 Ahenobarbi,
533 2875 581 2953 qui
608 2876 746 2936 libertatis
776 2877 970 2937 restituendae
996 2882 1060 2934 stu·

161 2975 235 3034 diosi
257 2984 352 3050 erant,
387 2985 419 3036 ut
445 2977 481 3035 ad
502 2976 690 3036 brundusium
717 2979 962 3048 transveheretur,
993 2996 1059 3055 per·

161 3082 254 3136 rnotus
275 3083 330 3136 est.
372 3077 435 3134 Huc
456 3076 571 3136 Asinius
592 3077 700 3150 Pollio,
735 3081 782 3160 qui
804 3080 918 3160 legatus
939 3075 1059 3136 Antonii

101 3247 105 3252 ,
162 3178 198 3238 ab
219 3198 294 3238 anno
307 3177 439 3236 uccxu
462 3177 491 3236 in
510 3177 627 3240 Venetis
648 3187 719 3252 erat,
742 3199 824 3258 quum
848 3179 957 3238 irritum
980 3182 1060 3237 esset

161 3278 322 3350 consilium,
361 3286 393 3337 ut
422 3279 458 3338 L.
486 3280 638 3340 Antonium
670 3281 706 3340 ab
739 3281 886 3340 obsidione
912 3280 1060 3350 liberaret,

159 3381 245 3460 juxta
277 3399 354 3439 oram
387 3380 472 3440 rueris
500 3382 636 3444 Adriatici
668 3401 728 3442 curn
756 3389 861 3460 septen
897 3379 1061 3462 legionibus
