2412 4028
208 299 249 360 rn
391 297 398 306 ·
454 289 609 352 aanoor
631 291 653 350 ι.
679 275 827 352 11-io.

268 457 351 523 xtgna
367 457 443 512 cadet
459 416 548 524 rotato,
567 471 644 528 qaam
661 447 758 510 airam
773 455 872 508 raetiae
888 456 969 524 puber

342 543 459 598 clema:
476 545 506 598 lo
523 559 622 598 messor
639 547 666 596 et
682 542 752 596 bona
767 539 828 594 rina
844 541 913 594 orte.
986 595 991 600 ,

291 663 388 743 Agna,
411 682 467 742 quo
479 683 537 722 non
553 663 675 722 habebat
685 661 849 740 ampliarent
862 659 994 738 Tityrus,
1016 676 1109 738 qnam

208 761 334 822 benefico
347 763 417 823 Lari
434 765 578 835 caederet,
600 753 749 833 victimam,
773 763 860 842 ipsine
872 761 979 841 praedii
995 762 1109 820 rnedio-

207 864 336 922 critatem
358 865 495 945 Virgilius
523 863 675 946 signifieat.
720 866 829 922 Caesae
859 881 945 942 supro
975 861 1109 922 flammas

207 965 318 1024 hostiae
349 965 468 1046 sangnis
500 965 665 1026 imbuebat
693 985 791 1024 aram
824 964 892 1044 (iob.
925 964 977 1035 W,
1011 961 1106 1044 ota),

207 1063 256 1124 oni
274 1065 376 1126 altaria
396 1067 436 1139 V,
468 1075 509 1130 66
532 1066 748 1146 superinposita
775 1073 857 1125 erant
884 1066 921 1125 ad
941 1072 1010 1124 exta
1031 1066 1106 1124 ooo-

206 1166 291 1226 lenda
311 1187 339 1228 v.
361 1174 412 1230 43.
455 1168 584 1228 Nostra
605 1167 705 1239 ovilia,
727 1187 819 1226 mooe
839 1167 927 1226 boves
947 1185 1026 1224 moro
1039 1185 1105 1224 ser-

207 1267 342 1327 vientium
369 1271 472 1329 dictator
499 1275 558 1340 ert,
589 1269 818 1346 quemadmodum
839 1267 946 1326 Moeris
972 1267 1027 1338 iX,
1058 1275 1102 1326 11

207 1365 292 1426 etiam
320 1369 445 1428 earmina
472 1369 576 1428 damini
603 1381 721 1428 nostra
743 1368 818 1428 dioit.
862 1369 967 1427 lodene
992 1367 1103 1427 santam

197 1475 267 1540 est,
300 1463 432 1528 ateana
457 1469 546 1529 barba
571 1469 692 1548 Tityrus
726 1470 787 1548 ipse
814 1469 950 1550 Virgilius
983 1475 1103 1549 potatus

207 1569 264 1628 sita
297 1570 451 1652 battere,
475 1570 593 1650 jocari,
622 1577 685 1630 arte
706 1571 826 1642 musica,
859 1570 936 1630 facili
957 1577 1041 1630 oantn
1070 1579 1104 1630 et

208 1669 361 1730 saltatione
388 1673 441 1743 vl,
474 1677 515 1733 28
547 1671 695 1744 delectari3
734 1673 807 1750 apra
839 1673 966 1732 Graeoor
987 1653 1103 1751 auoque

208 1769 323 1844 παιζιιν
344 1777 374 1831 et
395 1769 504 1831 παιδια
526 1773 562 1831 de
583 1773 736 1833 saltatione
763 1781 793 1832 et
814 1780 899 1833 oanta
927 1772 1022 1856 (iloni.
1045 1773 1103 1833 od.

208 1872 261 1942 Vl,
286 1880 358 1934 100.
379 1873 482 1932 Athen.
504 1873 536 1944 Ι,
560 1881 597 1934 11
621 1895 649 1953 p.
674 1872 744 1956 14);
772 1875 823 1934 aad
844 1881 952 1936 remoto
974 1873 1102 1936 levitatis

209 1992 313 2045 sensa,
342 1973 440 2054 quiin
463 1979 561 2033 nostro
584 1975 820 2056 apieleosaepe
851 1977 969 2036 aooedit.
1012 1977 1101 2038 Deie-

209 2073 296 2132 otatio
318 2076 392 2134 enim
414 2082 506 2152 etper
528 2097 569 2147 se,
591 2083 621 2136 et
642 2077 717 2154 qnod
739 2077 814 2138 neria
835 2079 872 2138 od
894 2079 1011 2159 nogotia
1031 2079 1101 2139 inde

110 2201 113 2208 .
208 2173 382 2246 reficiamur,
405 2175 572 2255 dignitatem
593 2177 723 2237 habebat.
767 2178 858 2257 ipsias
880 2176 965 2239 animi
987 2182 1100 2242 exerci-

208 2274 343 2333 tationem
369 2275 464 2334 tudun
486 2277 665 2356 appellabant
691 2279 812 2339 Romani
839 2281 858 2338 i.
881 2283 1034 2361 e.>jnonnr,
1068 2293 1101 2342 et

208 2394 271 2433 onor
293 2374 411 2437 Graecis
433 2377 556 2437 soliniam
579 2379 599 2437 i.
621 2399 647 2437 o.
670 2380 776 2451 otiam,
805 2383 880 2460 qaod
903 2382 989 2441 comis
1011 2383 1039 2441 in
1062 2405 1100 2444 ea

135 2477 139 2480 ’
207 2477 365 2534 hunanitas
392 2477 428 2534 iis
460 2477 606 2556 proposita
642 2485 719 2550 erat,
756 2501 813 2540 non
842 2483 932 2543 tristis
959 2486 1098 2564 pecuniae

207 2573 385 2654 conquisitio.

292 2683 442 2738 11-18.
485 2678 549 2737 Non
571 2678 677 2741 invidet
698 2683 808 2762 quidem
830 2685 1097 2766 Meliboeas'l'ityri

206 2777 368 2850 securitati,
403 2777 455 2837 sed
482 2799 539 2838 non
573 2781 643 2840 satis
670 2789 732 2842 tuta
764 2806 799 2844 ea
825 2785 945 2846 videtur.
996 2789 1095 2862 Miror,

206 2878 299 2956 qaod,
322 2899 404 2958 qnurn
427 2899 524 2939 omnes
545 2879 643 2963 fugam
664 2884 829 2958 intendant,
852 2887 935 2946 etiarn
958 2891 993 2948 de
1014 2891 1095 2950 eaelo
1189 2881 1190 2900 ³

205 2979 304 3038 moniti
331 2979 436 3052 simus,
468 2987 529 3040 tute
551 2983 579 3041 in
601 2985 654 3044 hae
680 2987 768 3045 totius
790 2987 854 3068 agri
883 2991 1096 3072 perturbatione

205 3080 350 3158 qnieooere
365 3080 458 3159 possis
474 3090 504 3141 et
524 3104 599 3166 grex
621 3094 695 3150 tuas.
739 3088 783 3150 An
806 3087 931 3150 finierint
953 3100 1003 3150 ant
1018 3093 1095 3174 qnis-
1187 3137 1188 3152 r

205 3201 269 3240 narn
296 3188 340 3241 est
366 3182 414 3240 iile
435 3181 533 3255 Dens,
570 3187 617 3264 qui
643 3187 683 3246 ita
710 3195 739 3248 te
762 3209 891 3250 securum
912 3191 1030 3256 reddati
1051 3227 1095 3240 --
1186 3253 1187 3256 ,

204 3281 344 3342 Meliboeo
375 3303 460 3363 quum
480 3305 542 3348 oum
562 3308 655 3372 grege
677 3311 729 3350 sao
752 3291 835 3352 otiam
859 3313 933 3354 nuno
953 3293 1094 3375 aufugere

204 3383 303 3455 lineat,
320 3385 405 3464 ¹ioque
427 3387 510 3448 etiarn
532 3389 665 3467 'l'ityran
687 3393 723 3452 de
744 3393 835 3454 saun
856 3401 985 3467 aaaron,
1008 3395 1093 3468 ‚riona

204 3485 332 3546 Antiinas
354 3488 493 3560 nondun,
516 3496 548 3548 at
569 3492 666 3571 opinio
688 3499 747 3566 eat,
774 3496 802 3554 io
825 3501 1023 3558 veteranorum
1046 3495 1095 3554 rni-
