2380 4028
394 263 547 325 achone
568 263 629 336 Vll,
652 268 759 326 1-5.
972 275 1014 336 u

108 429 154 494 ἕν
184 420 335 502 ἐλαύνειν,
362 438 392 490 at
411 431 441 490 in
462 431 623 494 Nemesiani
643 434 693 505 lll,
716 439 758 495 67
778 433 960 494 conducere
980 439 1017 495 ie

110 553 247 604 umus,
270 531 317 590 uhi
339 537 397 603 est,
419 533 529 606 domum
551 553 666 615 cogere.
708 534 796 592 Amho
813 535 934 613 juvenes
950 534 1016 594 Ar-

112 637 242 706 cades,
264 633 401 692 Arcadico
415 653 533 714 genere,
551 635 605 694 etsi
619 633 701 694 iidem
716 635 868 716 indigenae
880 637 903 707 Ι,
925 641 1015 709 1-5,

120 743 180 810 et,
213 735 337 794 Arcades
363 754 446 813 qnnm
472 735 543 808 sint,
576 736 612 794 ad
639 737 806 796 mutandam
833 757 890 796 non
916 737 1016 811 minus,

123 857 218 917 quam
239 836 275 894 ad
294 837 518 914 respondendum
540 837 640 917 ρει-αἰ.
684 839 809 898 Theocr.
831 839 910 910 Vlll,
935 848 968 902 3:

201 953 299 1004 Flavus
314 956 423 1019 uterque
439 951 534 1016 comis,
556 969 621 1020 puer
633 953 753 1021 impubes
772 959 798 1006 et
813 958 932 1020 uterque,

200 1035 317 1112 Eistnlae
335 1041 443 1104 uterque
459 1035 557 1101 sciens,
580 1043 683 1090 cantare
699 1044 726 1090 et
742 1039 833 1090 doctus
849 1042 967 1104 uterque.

103 1141 274 1213 Arcades,
305 1146 403 1200 namet
423 1139 559 1217 Polybius
579 1141 626 1212 lv,
650 1139 745 1220 20⁹),
777 1143 844 1222 lege
860 1141 955 1220 juheri
981 1141 1018 1200 ad

131 1244 306 1303 tricesimum
331 1261 434 1302 annum
453 1261 543 1320 nsque
569 1241 624 1301 arti
651 1242 773 1302 musicae
800 1261 912 1322 operam
940 1243 1017 1302 dare.

131 1345 232 1404 Prima
252 1343 374 1422 pueritia
399 1344 517 1422 hymnos
544 1349 574 1402 et
599 1361 722 1423 paeones
749 1344 881 1404 heroibus
908 1350 939 1404 et
964 1344 1018 1420 diis

134 1445 237 1526 patriis
258 1463 376 1517 caners;
407 1452 509 1523 postea
534 1445 632 1504 modos
653 1445 802 1504 Philoxeni
824 1453 853 1504 et
874 1445 1019 1506 Timothei

134 1545 247 1618 doceri,
269 1552 310 1604 'et
330 1547 480 1624 quotannis
510 1546 597 1606 sacris
618 1546 762 1624 Dionysiis
783 1567 887 1626 pueros
908 1547 1018 1625 quidem

106 1655 111 1664 '
134 1669 190 1710 sua
210 1648 344 1727 quaedam
366 1648 532 1720 certamina,
565 1649 760 1708 adolescentes
787 1655 880 1708 nutem
902 1667 936 1707 ea
962 1647 1018 1708 ssl-

136 1757 214 1823 tare,
250 1769 323 1828 qnae
341 1749 465 1810 virorum
492 1749 631 1809 dicuntur.
678 1751 710 1808 ln
733 1750 869 1812 conviviis
892 1750 1019 1830 gaudere

136 1873 195 1912 non
212 1857 269 1909 tam
286 1850 451 1910 adventiciis
469 1850 715 1922 delectationibus,
738 1869 819 1928 qnam
834 1851 954 1912 invicem
972 1869 1019 1909 oe·

137 1959 250 2012 nentes.
293 1951 326 2008 ln
347 1950 409 2008 aliis
430 1951 536 2008 artibus
556 1952 653 2008 rudem
674 1969 738 2013 erse
757 1951 859 2022 licere;
885 1951 915 2008 in
936 1957 1020 2008 cantu

139 2054 250 2134 quidem
271 2056 385 2130 praeter
404 2050 486 2130 leges
506 2050 535 2110 id
551 2057 581 2108 et
597 2057 679 2129 turpe
694 2069 767 2109 esse.
811 2051 936 2110 choreas
950 2069 1021 2128 qun·

140 2175 195 2236 qne
221 2154 250 2212 in
277 2152 361 2211 armis
388 2151 548 2212 saltantium
574 2148 685 2229 puhlico
713 2159 804 2210 sumtu
833 2151 983 2229 quotannis
1003 2171 1022 2210 a

136 2255 288 2338 jurenihus
309 2253 339 2310 in
367 2250 484 2310 theatris
507 2252 576 2310 dari.
624 2251 758 2329 Polybius
784 2259 881 2312 neunt
902 2249 1021 2332 (utinm

141 2359 205 2438 ajam
225 2353 391 2414 sententiam
412 2351 552 2412 civitatum
574 2359 732 2412 nostrarum
758 2355 950 2414 moderatores
971 2373 1021 2414 ex·

141 2456 297 2536 audienti),
319 2460 408 2513 artem
428 2453 562 2512 musicam·
579 2455 672 2534 legem
694 2474 830 2534 operosae
852 2462 882 2514 et
902 2475 1020 2536 asperae

140 2561 217 2624 vitae
237 2557 376 2618 Arcadum
397 2555 433 2614 ad
454 2555 631 2614 lenimentum
653 2557 852 2630 destinavisse,
880 2577 937 2618 nnn
958 2579 1020 2620 cum

142 2661 221 2722 feriis
242 2657 359 2739 puhlicis
381 2663 410 2716 et
430 2655 574 2716 sacrificiis
590 2658 712 2719 virorum
729 2666 758 2719 et
773 2659 939 2730 mulierum,
954 2663 1020 2720 cho-

143 2763 200 2822 reis
216 2779 326 2839 quoque
341 2758 480 2839 virginum
501 2765 529 2816 et
544 2779 705 2837 puerornm3
727 2767 756 2819 et
772 2760 949 2820 efferatornm
964 2762 1021 2839 (ly-

144 2862 337 2922 uoethensium
363 2861 491 2938 exemplo
517 2860 644 2920 Arcades
667 2862 810 2930 admonet,
848 2866 966 2918 caveant
991 2865 1021 2918 et

145 2963 266 3042 sapienti
286 2961 415 3020 instituto
433 2980 469 3018 ne
487 2979 615 3038 nmquam
630 2961 720 3020 minus
737 2959 878 3018 obediant.
899 2992 942 3002 -
962 2961 1021 3019 Sed

146 3066 220 3125 inter
241 3063 431 3144 elegantiores
447 3061 572 3120 homines
593 3069 685 3120 tamen
698 3060 836 3130 Arcades,
858 3066 1020 3140 centurpe-

146 3166 209 3236 riti,
239 3165 267 3222 in
291 3165 387 3224 sadum
407 3167 600 3220 montanorum
621 3161 771 3220 solitudine
792 3181 844 3222 sua
864 3162 1020 3231 ineruditae

147 3274 178 3328 et
198 3266 324 3346 stupidae
350 3263 441 3344 plehis
459 3263 549 3322 instar
578 3261 680 3320 famosi
701 3267 790 3324 erant.
832 3264 1020 3326 Philostratus

212 3483 240 3550 ⁰)
259 3480 293 3535 cf.
309 3481 403 3536 Athen
420 3479 594 3552 Deipnoroph.
627 3477 698 3548 xlv,
715 3479 733 3535 5
748 3499 775 3552 p.
793 3481 852 3538 626.
973 3558 977 3568 α
