2280 4022
315 247 469 308 ECLOGA
492 245 527 310 V.
551 253 643 310 aa-
657 253 707 310 31.
891 251 981 325 918,
1008 281 1010 288 ⁴

56 417 237 488 Romnum,
266 416 349 496 cujus
368 415 496 496 Daphnis
518 415 602 476 otiam
624 413 816 474 ferocissimos
838 411 957 496 populor

55 525 206 596 potestate
232 524 262 576 et
290 497 439 596 prutlcntia
466 517 700 578 mansuefaceret.
744 517 867 578 Punici
890 521 956 578 leo·

54 639 114 678 nea
137 620 168 678 ia
199 639 252 678 sua
273 622 457 678 solitudine
488 618 593 698 populi‘
612 626 679 676 sunt
699 619 805 678 veteris
827 625 856 677 ct
877 619 956 678 helli-

54 740 142 780 eosae
172 720 373 802 Carthaginis,
408 741 483 782 anno
512 720 629 779 DCVlll
659 721 694 778 ah
715 721 750 780 U.
774 721 806 780 0.
830 721 954 780 dirutae:

54 808 154 900 quam,
178 829 328 902 postquam
351 824 384 882 C.
407 822 552 883 Gracchus
571 822 786 880 tribunusaono
803 822 955 881 ucxxxl

52 923 89 980 ah
110 925 146 984 U.
171 927 207 982 C.
229 923 337 984 frustra
358 925 386 982 id
408 931 584 994 tentaverat,
607 945 681 982 anno
699 923 837 982 DCCVlll
861 923 954 986 Julius

52 1025 164 1084 Caesar
187 1026 269 1086 simul
298 1045 359 1084 curn
381 1032 494 1086 vastata
516 1025 653 1082 Corintho
675 1023 768 1082 missis
790 1045 824 1083 eo
845 1026 953 1083 colonis
1036 1039 1038 1046 ·

51 1115 211 1186 restituere
241 1147 401 1208 aggressus
430 1133 493 1198 est3
536 1145 646 1196 verum,
675 1132 765 1182 morta
781 1125 952 1204 impollitus,

51 1226 236 1288 efficiendum
259 1249 331 1308 opus
349 1228 507 1288 Octaviano
523 1227 640 1285 Caesari
654 1225 774 1304 reliquit.
819 1227 862 1284 De
884 1247 958 1296 vcra¹

50 1337 171 1406 pastore
205 1331 250 1390 vel
279 1329 356 1388 circa
381 1331 526 1389 Mantuam
553 1329 597 1388 vel
626 1328 653 1386 in
677 1327 787 1398 Sicilia,
814 1327 861 1386 ubi
885 1329 952 1386 nulli

50 1429 150 1490 leones
186 1439 266 1502 sunt,
306 1451 402 1510 parurn
430 1437 507 1492 esset
533 1431 604 1488 haee
632 1429 728 1509 imago
755 1429 815 1488 veri
843 1430 950 1509 similis,

50 1551 102 1590 nec
129 1533 192 1591 ullo
221 1533 303 1591 ruodo
332 1532 483 1592 Theocriti
511 1532 546 1590 de
568 1531 716 1610 Daphnide
738 1530 835 1587 Siculo
858 1529 951 1608 queri·

49 1634 153 1691 moniis
177 1633 358 1705 excusanda,
382 1635 429 1714 qui
449 1634 525 1692 inter
548 1634 680 1714 lugentes
699 1633 807 1690 belluas
828 1631 950 1708 antiqui-

49 1734 133 1806 tatis,
173 1737 213 1794 ah
236 1736 297 1796 avis
329 1736 456 1794 nimirum
491 1736 611 1808 traditos
643 1753 770 1794 mmores
802 1741 948 1812 sequutus,

48 1834 135 1894 etiam
160 1837 259 1896 leones
282 1844 311 1895 et
332 1838 413 1896 thoes
435 1836 530 1921 posuit
551 1837 579 1910 l,
603 1843 659 1896 71:

113 1951 239 2020 Daphnin
257 1953 299 2006 vel
315 1951 407 2017 thais,
424 1950 546 2019 Daphnin
562 1952 653 2002 luxere
669 1949 786 2018 lupique,

115 2035 264 2102 Daphnidis
282 2042 361 2104 atque
378 2036 476 2088 obitum
494 2033 565 2088 salvis
583 2035 679 2086 flevere
696 2035 795 2085 leones.

45 2137 252 2218 Montesque
279 2143 467 2218 siluaeque,
489 2159 560 2217 pro,
594 2138 683 2198 silvae
713 2136 862 2207 montium,
891 2136 947 2196 sal·

45 2243 109 2298 tus:
137 2240 251 2316 poetice
274 2239 414 2311 diductum
436 2240 547 2320 poetico
570 2259 634 2318 qne
656 2259 729 2318 qne.
772 2238 804 2294 ln
826 2239 946 2296 haesim-

42 2337 226 2418 plifioatioue
248 2338 414 2400 inferiorum
436 2339 556 2419 partium
579 2337 719 2396 orationis
735 2338 946 2418 patriussermo

45 2459 162 2520 semper
177 2440 306 2520 jaeehit3
329 2441 434 2519 quodsi
452 2439 518 2522 quid
533 2439 817 2519 praetereauanoisoi
839 2448 944 2520 posset,
973 2441 983 2474 ⁹
1057 2433 1068 2444 ”

7 2525 9 2530 ’
47 2541 171 2602 atritas
193 2543 308 2604 semitas
331 2542 442 2602 dicendi
464 2542 620 2602 terentibus
632 2541 825 2602 soloecismum
841 2541 944 2602 secisse

47 2643 189 2724 arguitur.
451 2649 453 2656 '

133 2755 278 2809 29-31.
308 2745 509 2812 'Quamobrem
532 2745 685 2804 communis
707 2745 755 2804 illa
784 2733 943 2803 moestitial

48 2842 129 2908 Hauc
160 2848 295 2919 obrem,
323 2848 398 2926 quod
421 2848 528 2908 Caesar
555 2845 754 2926 rempublicam
776 2843 878 2905 vitiose
900 2845 942 2901 in·

50 2945 173 3009 sanam
195 2948 400 3029 prudenteret
427 2949 500 3010 bena
522 2949 673 3024 instituens
695 2945 844 3002 emendare
866 2945 941 3004 volc-

49 3045 106 3106 hat.
149 3050 337 3112 Similitudine
358 3049 453 3121 sucta,
486 3055 652 3128 prepterea,
675 3045 749 3122 quod
770 3042 939 3124 Daphnis,

50 3155 81 3206 ut
100 3169 189 3232 agros
210 3139 387 3234 agricultura
401 3159 431 3210 et
443 3150 616 3208 humanitate
629 3146 788 3218 excoleret,
811 3145 940 3208 Bacchi

50 3253 207 3312 sacerdotio
226 3253 410 3333 frangebatur.
452 3246 611 3321 Bacchus
623 3248 726 3328 primus
743 3269 804 3308 curn
819 3249 940 3310 Cerere

51 3335 189 3414 lerinam
210 3355 351 3415 homiuum
373 3351 544 3413 silvestrium
566 3357 595 3410 ct
616 3369 717 3430 vagam
733 3359 877 3428 pastorum
899 3353 940 3411 vi-

52 3453 103 3511 taer
137 3453 174 3514 ad
215 3455 353 3516 mitiorem
387 3461 417 3514 et
450 3452 671 3533 conjunctiorem
708 3451 941 3522 cousuetudinem
