2444 4020
310 275 313 279 ’
369 263 524 326 school
545 261 607 335 Vll,
628 264 765 326 05-68.
967 271 1015 334 ab

123 443 184 496 turn
212 432 367 494 blanditur!
410 429 609 503 Fran-iosus,
641 428 821 492 Fraxinus
846 433 1018 492 excelsior

122 537 184 608 L„
219 543 321 594 muco
343 553 469 614 procero
498 539 527 593 et
548 534 583 592 ad
606 533 781 614 trigesimum
802 551 893 612 nsque
914 551 1018 594 aunum

123 637 226 708 tereti,
261 636 378 716 pulclrro
400 636 545 695 mumius
566 633 675 694 frondis
697 635 869 706 concinne,
905 643 1018 709 orama,

120 740 245 820 jugatos
265 745 296 797 et
317 737 465 816 pendulae,
488 737 524 796 ad
546 735 722 796 altitudinem
744 755 830 815 saepe
853 741 966 796 contum
988 745 1019 797 ct

125 839 248 920 triginta
281 840 381 918 pedum
415 839 554 925 erigitur..
601 839 634 896 lu
661 833 760 899 erduic
787 837 910 899 nativam
939 857 1019 900 unam
1073 854 1077 864 “

126 941 360 1020 pulchritudinem
386 941 509 1012 retinet3
542 939 571 998 in
600 939 695 1020 agris,
727 939 835 1018 pariter
863 947 950 1018 atque
974 941 1020 1001 ul·

126 1061 204 1117 mur,
232 1043 267 1102 ad
295 1041 369 1103 vites
396 1041 555 1100 arbustivae
582 1047 712 1118 putator,
734 1047 765 1098 et
786 1041 822 1098 ud
843 1059 949 1118 pecora
970 1061 1020 1121 pa·

126 1145 234 1204 uccudo
255 1144 389 1204 tondetur
412 1143 465 1202 ub.
487 1143 523 1216 ΙΙ,
551 1147 625 1202 446.
670 1141 744 1200 Pliu.
766 1140 844 1212 XVl,
867 1148 918 1202 24.
961 1141 1021 1202 Pt-

128 1263 193 1306 m
214 1245 275 1306 aive
292 1250 413 1320 pinea,
443 1245 517 1323 apud
539 1243 679 1302 Liuueum
701 1241 808 1303 Pirous
829 1243 954 1316 Pinea,
978 1243 1021 1324 pi·

129 1366 184 1406 una
204 1366 317 1425 quoque
338 1346 431 1407 satiro
452 1365 469 1405 a
491 1345 648 1406 ueteribus
651 1344 806 1416 dicebatur,
829 1345 961 1423 qnoniam
984 1347 1020 1406 ob

124 1448 363 1527 pulchritudinem
401 1465 481 1517 suam
515 1457 674 1528 gratosque
704 1461 839 1505 susurros
870 1454 900 1507 et
933 1467 1020 1510 uoces

128 1556 248 1631 gustatu
270 1549 427 1630 jocundas,
462 1567 532 1626 qnos
556 1551 714 1622 plneolaer
741 1548 909 1628 (pignole)
932 1551 1021 1610 ltalus

128 1652 253 1723 uocat,
245 1671 274 1710 ro
295 1647 403 1710 hortis
424 1649 572 1710 colebatur
594 1650 648 1709 ΙΙ).
666 1649 713 1722 ΙΙ,
740 1659 810 1714 ΙΙΙ.
828 1651 932 1723 Pinus,
955 1651 1021 1721 Pul·

128 1751 262 1833 ladissai)
291 1753 398 1832 iuquit,
432 1751 561 1810 ouruibus
587 1752 734 1824 conducit,
767 1771 840 1831 quse
860 1753 938 1814 iufra
958 1773 1020 1814 eam

127 1846 277 1924 seruntur,
300 1863 343 1926 et,
365 1853 567 1930 'l'beopbrasto
590 1858 717 1924 auctore,
738 1853 836 1931 lauros
857 1873 969 1934 quoquo
990 1864 1021 1916 et

121 1963 238 2034 ,myrtos
269 1952 345 2012 inira
366 1971 399 2010 oe
420 1951 492 2024 fert3
527 1953 620 2010 Plinio
632 1952 679 2032 ”)
708 1973 873 2032 quamquam
902 1974 1021 2036 gramen

129 2073 257 2117 enecare
284 2053 404 2136 videtur.
447 2052 526 2124 Non,
553 2052 595 2110 oti
618 2051 744 2130 pinaster
765 2055 904 2115 silvestris
926 2075 944 2117 a
965 2078 1022 2119 rne-

130 2157 188 2229 dio,
210 2157 261 2218 sed
283 2155 312 2214 in
333 2154 441 2216 vertice
462 2173 556 2212 ramos
577 2154 718 2234 dispargit
738 2153 816 2214 loliis
832 2159 1023 2236 capillamenti

129 2259 213 2317 modo
236 2255 447 2336 prestantibus,
468 2255 686 2333 semipedalibus
707 2263 737 2316 et
757 2275 893 2328 mucrone
910 2261 1023 2321 aculea-

12 2383 13 2386 ¹
131 2359 169 2418 tiu
201 2357 276 2416 Plin.
307 2352 393 2427 xvl,
428 2364 478 2417 16.
521 2357 593 2414 com
620 2356 673 2416 baa
699 2357 767 2437 pinu
794 2359 905 2420 Plinius
932 2362 1024 2422 minor

12 3033 14 3110 l

12 3163 14 3214 ι

130 2460 184 2530 ΙΙ,
216 2465 255 2520 ld
287 2455 425 2516 llnmussm
447 2456 562 2516 Vesuuii
583 2455 710 2530 confert,
740 2477 826 2538 quae,
854 2461 1022 2545 longissimo

129 2560 208 2622 velut
237 2567 339 2618 trunco
361 2559 438 2618 slata
459 2557 487 2618 in
509 2557 613 2632 altono,
648 2559 729 2637 quari
750 2561 835 2622 ramis
857 2565 1021 2644 quibusdam

131 2659 348 2720 diffundebatur.
392 2659 474 2722 llrid.
495 2660 566 2719 blot.
587 2660 631 2732 X,
657 2669 731 2722 103:

198 2767 234 2820 lit
249 2766 380 2820 snocmoto
397 2781 485 2820 comas
502 2766 652 2834 hirsutaque
668 2767 765 2822 vertice
782 2769 868 2837 pinus.

131 2861 284 2922 Petronius
307 2870 365 2922 131
390 2881 501 2940 quoqne
523 2861 718 2936 diverticulum
740 2845 776 2924 ea
791 2866 828 2924 ad
844 2865 933 2927 rivum
951 2885 1020 2946 opu·

130 2982 193 3022 curn
214 2968 350 3022 exornat:
1101 2945 1105 2952 ⁴

231 3091 337 3144 Mobilis
354 3090 464 3143 aestivum
480 3095 601 3159 platanus
617 3091 754 3146 diffuderat
770 3095 884 3163 umbras,

231 3175 268 3227 Et
283 3176 472 3228 circumtonuue
488 3173 628 3244 trepidanti
645 3177 743 3230 re‘rtioe
756 3177 844 3247 pinus,

232 3258 269 3312 Et
285 3257 371 3318 beccis
388 3257 508 3311 redimita
525 3259 628 3328 daphne
644 3265 822 3331 tremulaeque
837 3279 983 3334 cupressus.

199 3407 225 3474 ⁸)
261 3407 361 3461 Pallnd.
379 3408 445 3474 llll,
469 3409 500 3474 Ι,
519 3410 545 3464 9.

181 3475 224 3542 ”l
259 3475 328 3528 Plio.
346 3477 420 3529 XVll
436 3491 458 3528 r.
476 3475 521 3530 18.
