2340 4036
180 276 247 342 uo
270 269 423 332 ECLOGA
444 267 490 326 tv.
513 257 746 326 ARGUMENTI
769 261 983 322 masalma.

178 435 357 498 air-tutibus
378 447 414 495 et
431 431 574 494 heroicis
589 433 699 506 factio
721 429 798 508 loqui
820 435 947 508 poterat,
986 447 1072 506 quum

179 539 213 596 C.
234 535 385 596 Marcellus
406 541 487 613 pater
500 533 688 612 Pompeianas
710 536 807 609 partos
828 529 956 592 studiose
978 535 1072 588 rect*

179 645 226 698 tus
247 643 338 710 esset,
371 635 512 696 Antonius
533 633 650 694 vitricus
670 630 831 692 libidinibus
858 629 928 688 iram
950 629 1074 688 omnium

180 739 314 818 bonorum
335 736 468 808 virorum,
490 733 597 794 bellicis
614 732 765 794 virtutibus
786 737 886 810 aperte
900 729 1072 792 simultatem

180 837 327 900 Octaviani
347 835 449 896 aemuli
463 834 643 906 concitasset,
666 839 765 894 contra
780 851 863 910 quem
884 831 968 890 modo
980 830 1073 908 ipsum

180 957 258 1000 arma
278 938 400 998 tuleratl
443 937 560 998 Gratum
573 933 779 994 simulationem
800 931 918 1004 scilicet,
940 949 998 1009 qua
1009 930 1074 988 Vir·

139 1043 142 1050 ⁴
180 1038 267 1119 gilius
292 1058 367 1099 novo
389 1036 501 1098 domino
523 1034 634 1095 Galliae
661 1032 803 1094 citerioris
824 1033 969 1094 adulaturr
1004 1051 1074 1112 gra-

180 1138 280 1198 tiorem
301 1137 405 1200 factam
426 1142 591 1216 propterea,
618 1134 694 1213 quod
715 1141 801 1212 petto
822 1133 980 1192 Pollionem
1002 1132 1073 1191 cllo·

181 1247 284 1318 quutus
305 1246 364 1310 est,
394 1238 442 1316 qui
464 1235 505 1316 (a
526 1233 599 1316 13),
620 1234 749 1294 aiminus
770 1233 1000 1312 quemadmodum
1022 1253 1073 1292 an·

181 1345 238 1410 tea,
259 1341 396 1418 reliqua
415 1341 563 1414 uestigia
578 1338 717 1398 sceleris
738 1336 923 1416 exstinguere
939 1335 1072 1414 J'ubetur!

267 1440 375 1498 Contra
401 1444 595 1516 exspectatum
608 1436 764 1496 ¹Octaviani
794 1443 824 1495 et
845 1433 1012 1494 Scribonios
1040 1433 1074 1492 li-

181 1539 264 1610 liam,
292 1557 373 1617 quem
395 1539 476 1596 bomo
499 1537 626 1598 Gallicus
646 1537 751 1616 primnis
773 1536 985 1616 intelligendum
1007 1555 1074 1613 oro·

182 1640 290 1718 posuit,
322 1638 407 1698 etiem
431 1639 555 1718 majores
583 1637 764 1708 difficultates
793 1638 928 1697 existunt.
970 1637 1076 1694 Filium

183 1746 214 1803 et
234 1739 438 1817 imperatorem,
460 1739 507 1817 qui
528 1739 652 1798 salutare
673 1737 816 1817 imperium
839 1737 973 1797 Caesaris
987 1738 1075 1796 (lcta-

182 1839 259 1902 viem
279 1846 428 1918 aequatur,
457 1859 494 1898 ex
524 1839 659 1918 conjugio
686 1839 777 1917 palera
798 1846 914 1917 optare,
944 1838 1076 1917 publicae

183 1939 267 2002 saluti
288 1939 332 1998 ita
350 1941 499 2018 prospero!
545 1940 609 2004 Quo
631 1938 685 1999 viri
706 1957 784 1998 meus
806 1939 894 1998 obiiti

268 2040 423 2102 Octaviano
445 2041 534 2109 enim,
567 2039 615 2116 qui
636 2039 766 2118 proximo
792 2059 869 2098 enno
896 2060 914 2098 a
935 2039 1075 2118 Philippis

183 2139 311 2210 rediens,
342 2159 476 2220 agrorum
498 2139 634 2199 divisione
662 2139 783 2198 maxime
804 2140 917 2220 lugubri
944 2139 1022 2200 lacta
1043 2147 1076 2198 et

183 2239 475 2311 saraciniscum,
497 2259 579 2318 quum
603 2246 773 2298 commentus
796 2241 964 2300 interclusus
986 2247 1074 2312 esset,

184 2339 341 2400 universnm
362 2341 470 2400 ltaliam
492 2341 729 2411 exacerbaverat,
751 2341 798 2419 qui
820 2343 902 2400 modo
924 2342 960 2402 L.
981 2343 1075 2400 Anto·

184 2440 258 2498 nium
286 2448 316 2498 et
336 2442 387 2500 Ti.
428 2443 584 2511 Neronem,
618 2441 764 2500 institutos
785 2441 950 2502 del'cnsores
972 2443 1075 2522 jacen·

184 2539 261 2609 tium,
282 2559 371 2620 aegre
392 2542 549 2614 sedaverat,
572 2548 602 2600 et
622 2550 722 2602 cantra
740 2542 831 2602 victos
843 2543 979 2602 Perusiae
994 2542 1074 2604 ferro

184 2640 276 2698 denuo
297 2649 452 2720 grassatus,
467 2649 546 2712 erat3
568 2643 631 2702 buic
653 2643 811 2722 imperioso,
835 2645 936 2703 collido
958 2651 988 2704 et
1009 2665 1075 2704 cru·

183 2739 238 2800 deli
256 2741 355 2819 juveni
377 2761 451 2800 nunc
473 2742 500 2799 io
524 2743 619 2813 ltalia,
650 2750 764 2821 praeter
783 2763 901 2822 replices
932 2745 1074 2826 legiones,

184 2846 290 2900 tantum
312 2841 473 2919 nequissimi
494 2842 570 2901 cives
592 2843 632 2902 ita
652 2843 750 2904 favere
771 2852 917 2922 poterent,
931 2854 992 2920 ut,
1022 2867 1076 2906 nu-

183 2959 234 3020 per
259 2941 379 3002 amissae
406 2942 544 3000 libertatis
578 2950 694 3020 repente
727 2944 916 3016 immemores,
954 2947 1000 3006 vel
1030 2968 1076 3006 re-

182 3061 270 3119 gnum
291 3042 318 3100 ei
331 3048 444 3120 praeter
464 3043 596 3120 antiquos
608 3063 701 3104 mores
722 3053 753 3104 et
768 3047 830 3125 ejus
847 3047 969 3125 posteris
991 3039 1094 3126 opta'

183 3141 283 3202 verint.
326 3142 495 3221 Conjuoctio
517 3151 608 3202 uatem
631 3163 691 3204 cum
714 3147 872 3218 Scribonia,
894 3167 966 3226 quae
987 3149 1074 3208 l'om-

183 3242 246 3321 pejo
268 3239 363 3302 affinis
385 3250 460 3313 erat,
487 3243 515 3304 in
537 3244 600 3324 ipsa
621 3247 808 3324 uepidatione
830 3249 989 3308 accelerata
1009 3249 1075 3310 fac-
1161 3271 1162 3282 *

183 3349 241 3411 rat,
263 3349 373 3400 etcum
395 3344 529 3424 Pompejo
552 3367 587 3404 ne
609 3367 704 3426 pacem
727 3348 852 3425 quidem,
875 3349 1000 3426 quamvis
1022 3352 1075 3409 ad·

177 3445 296 3523 juvante
316 3443 454 3517 Antonio,
487 3455 516 3504 et
543 3447 657 3508 liberam
684 3449 895 3530 navigationem
923 3449 1073 3522 effecerat,
