2380 4028
278 313 281 322 ·
353 285 505 348 ECLOGA
526 285 572 344 Vl.
601 289 744 348 46-46.
940 296 983 356 M

178 453 233 506 'l'er
250 451 378 506 clamavit:
396 451 477 518 Hyla!
495 467 571 520 qaam
587 457 675 517 guttur
691 457 773 506 ructat
789 457 918 518 apertum,

177 538 232 590 Ter
249 552 313 604 puer
329 536 457 590 audierat:
483 535 565 588 tenuis
583 553 634 588 vox
650 535 713 590 exiit
729 535 803 588 undis

177 621 228 673 Sed
247 626 345 674 tamen:
363 626 403 686 et,
421 638 542 688 praesens
561 619 646 686 etiam,
664 623 752 688 procul
770 637 826 673 esse
842 619 952 672 videtur.

98 743 202 800 Etiam
223 742 274 802 sub
296 743 513 822 lmperatoribus
535 741 643 822 (Strata.
666 741 729 800 Xll.
747 764 773 820 p.
788 738 873 822 564.)
896 761 983 820 puero

101 841 186 902 inter
212 844 288 902 Deos
315 845 403 904 relato
425 865 443 904 a
463 845 651 904 Prusensilsus
673 844 732 902 dies
753 842 842 902 festus
863 843 987 902 celebra·

103 946 207 1018 batur,
230 965 312 1023 quum
335 947 501 1006 bacchantes
524 947 551 1004 in
574 945 712 1004 montibus
734 945 806 1022 Hyle
826 945 986 1003 clamarent.

101 1049 153 1106 Ad
175 1046 290 1118 fontem,
312 1048 471 1106 Antoninus
489 1047 627 1106 Liberalis
649 1046 747 1124 iuquit,
770 1045 796 1106 ei
813 1043 987 1118 sacrificant3

104 1155 176 1230 post
201 1149 274 1226 quod
303 1155 346 1207 ter
374 1168 436 1208 eum
462 1148 595 1208 sacerdos
624 1147 734 1204 nomine
761 1154 859 1216 vocat,
891 1153 988 1223 terque

105 1252 206 1330 imago
228 1250 292 1310 voci
313 1257 438 1310 resonat.
464 1241 566 1308 'Alter'
582 1268 680 1307 versus
701 1254 895 1328 argumentum
917 1266 988 1306 sono

106 1371 164 1410 sne
185 1371 264 1410 auum
286 1351 423 1422 imitatur,
460 1352 570 1410 Graeca
589 1349 699 1408 ratione
720 1349 874 1420 dimensum
906 1367 987 1426 quum

107 1461 238 1512 extrema
258 1453 363 1513 vocalis
385 1473 407 1510 a
429 1473 483 1510 non
507 1451 634 1530 proxima
654 1451 743 1510 vocali
764 1450 915 1527 liquescat,
937 1450 988 1510 aed

108 1555 297 1632 corripiatur,
319 1561 512 1634 praeterquam
534 1553 562 1610 in
584 1552 657 1621 arsi,
679 1571 759 1630 quoe,
781 1551 905 1630 quamvis
927 1551 988 1610 bre·

97 1633 173 1725 uia,
195 1655 337 1734 producit:
368 1656 472 1736 leci,
495 1657 587 1736 Hyla
608 1673 698 1712 omne
719 1663 862 1712 sonaret.

196 1778 236 1833 45
249 1779 353 1832 -dte
404 1773 486 1832 Cauil
526 1791 650 1850 quoque,
685 1769 784 1830 infelix
820 1769 993 1849 Pasiphae·

109 1873 252 1952 quomodo
274 1873 348 1934 nivei
359 1874 443 1932 ’tauri
464 1891 563 1932 amore
580 1871 708 1932 solatium
723 1873 873 1950 acceperit.
914 1872 988 1932 Poe-

110 1975 188 2044 tice,
219 1974 325 2032 solatur
346 1994 421 2046 eam,
443 1974 669 2052 quemadmodum
689 1994 715 2034 v.
739 1979 789 2032 δι.
809 1973 915 2032 cortice
935 1973 989 2032 cir·

83 2094 86 2103 ’
112 2075 235 2134 cumdat.
286 2075 440 2155 Pasiphae,
470 2097 488 2135 a
517 2076 584 2134 Sole
606 2068 749 2154 (Ἥλιος)
771 2080 801 2133 et
819 2074 909 2133 Perea
929 2075 989 2138 aive

110 2177 249 2236 Perseide
270 2184 352 2255 parto
372 2177 461 2247 edita,
488 2195 570 2235 soror
590 2175 713 2236 Colchici
734 2175 813 2256 regis
833 2176 948 2236 Aeetae·
960 2184 990 2236 at

114 2279 228 2349 Circes3
250 2279 324 2354 quod
344 2277 494 2337 verisimile
514 2283 566 2347 est,
587 2276 646 2336 filia
666 2277 784 2356 alicujus
798 2276 932 2356 principia
952 2297 989 2336 ex

113 2378 252 2438 interiore
267 2377 344 2448 Asia,
366 2395 437 2455 quae
457 2377 505 2437 vix
521 2378 556 2436 ad
573 2377 699 2436 Persium
721 2396 808 2456 usque
829 2383 898 2437 nota
919 2383 989 2450 erat,

115 2481 211 2559 nupsit
238 2479 350 2538 Cretico
379 2479 441 2558 regi
467 2479 570 2551 Minoi,
597 2479 678 2540 loris
700 2498 737 2538 ex
757 2479 913 2539 Phoenissa
933 2481 990 2538 Eu·

115 2603 185 2660 rope
205 2580 264 2640 lilio
286 2587 315 2639 et
336 2598 391 2640 avo
413 2580 562 2651 Idomenei,
584 2580 726 2640 bellatoris
746 2581 893 2641 Homerici.
935 2581 988 2642 lli·

115 2703 184 2754 nee,
206 2680 275 2740 mari
298 2680 518 2758 potentissimus,
540 2682 668 2758 qnoniam
690 2689 799 2740 taurum
820 2701 838 2740 a
859 2683 988 2762 Neptune

116 2792 255 2853 creatum,
278 2789 392 2860 propter
413 2782 540 2841 eximiam
561 2780 691 2853 formam,
714 2803 769 2841 non
790 2782 989 2854 immolaverat,

116 2885 181 2957 sed,
212 2890 243 2942 ut
273 2902 389 2963 gregem
418 2883 578 2942 nobiliorem
607 2883 751 2953 redderet,
783 2883 989 2958 destinaverat3

118 2987 264 3064 Neptunus
284 2983 374 3042 iratus
396 2989 502 3042 taurum
523 2983 551 3042 iu
573 2982 696 3042 furorem
717 2983 837 3060 impulit,
860 2991 889 3042 et
908 2984 989 3044 Put-

120 3087 206 3166 phaiia
232 3093 287 3144 tam
314 3085 455 3144 aeremia
477 3103 539 3142 eum
560 3084 711 3144 concitavit
732 3103 867 3156 amorem,
889 3086 987 3163 qualis,

119 3207 175 3268 quo
203 3187 315 3266 lluropa
334 3186 398 3246 olim
420 3189 545 3264 permota
564 3183 671 3253 luerat,
698 3192 730 3242 ut
747 3205 783 3243 ex
806 3185 858 3246 deo
879 3193 987 3246 taurum

119 3309 171 3371 per
202 3307 277 3346 mare
302 3293 474 3366 sequeretur.
517 3285 572 3344 Alii
598 3285 707 3356 dicunt,
734 3285 820 3365 ipsam
842 3287 986 3360 Venerem,

118 3399 152 3452 ut
186 3388 280 3448 Solem
310 3388 479 3467 proditorem
496 3385 698 3460 ulcisceretur,
730 3385 802 3446 filias
828 3389 888 3470 ejus
914 3390 987 3471 turpi

119 3509 217 3552 amere
245 3488 404 3550 irretivisse.
452 3487 569 3548 Daedali
594 3488 706 3550 solertis
732 3489 760 3548 in
787 3509 872 3552 vacca
891 3493 988 3574 lignea
