2340 4036
197 231 243 292 oa
448 221 604 310 acuam
624 215 672 283 ιιι,
695 211 843 282 ιο-ιι,
1003 191 1006 198 ’

196 383 296 468 qubus
325 388 474 448 macarem
500 387 608 468 parali
632 387 739 466 racemi
767 405 855 448 verno
885 393 1013 468 tempora
1041 388 1094 449 lic·

197 491 279 562 bant,
304 490 449 568 corymbi
456 514 468 561 ‚·
492 509 553 549 cnm
574 489 669 550 vernis
690 487 806 547 floribus
827 509 926 549 servus
948 490 1094 549 Columel‘-
1161 489 1162 504 ¹

196 593 256 662 lae,
289 591 337 668 qui
368 591 478 648 hortum
513 591 643 661 curabat,
677 590 799 648 hederae
832 603 943 668 quoque
971 611 996 650 v.
1029 599 1089 653 ³01

197 689 285 752 flavos
307 711 434 749 racemos
454 690 609 761 fructuum,
640 709 771 774 croceae
792 692 974 769 corymbos,
1004 711 1094 751 vena·

196 795 239 851 les
259 791 326 850 fert.
370 791 451 850 Nune
481 791 572 849 nostri
597 789 762 869 βοτανικης
788 791 907 858 studiosi
938 799 994 850 tam
1017 793 1093 852 cele-

114 925 119 938 ·
198 893 305 951 bratom
334 891 399 948 olim
427 889 503 948 firma
532 891 664 972 plantam,
684 891 775 950 adhuc
802 889 966 973 neglexisse
993 893 1093 952 videu-

198 1002 252 1052 tur.
296 991 391 1052 Flavia
417 991 511 1050 baccis
533 991 668 1063 hederae,
701 1011 789 1070 quae,
822 1011 885 1052 oum
906 991 1023 1051 floribus
1045 995 1093 1052 he-

198 1093 330 1170 liochrysi
351 1093 454 1163 mixta,
488 1113 644 1173 supremam
668 1111 745 1152 oram
767 1094 867 1164 ambit,
895 1087 1049 1152 Theocriti
1072 1095 1093 1166 l,

199 1201 239 1255 27
252 1194 281 1252 in
303 1194 409 1274 majora
425 1195 527 1272 poculo
549 1202 609 1254 tres
624 1213 710 1262 areae
731 1193 891 1276 argumenti
904 1194 1092 1273 copiosissimi

198 1295 428 1375 distinguuntur:

265 1427 339 1478 Altus
358 1425 407 1477 erit
424 1402 548 1490 cyathus,
567 1424 649 1477 dulcis
666 1423 722 1480 rasi
739 1423 803 1477 illita
820 1441 880 1478 cera
898 1429 946 1490 eat,

265 1513 393 1573 Ansatns,
411 1511 513 1576 scalpro
530 1509 667 1574 redolens,
686 1515 712 1560 et
729 1523 799 1560 nune
815 1509 893 1560 modo
910 1507 997 1574 liuns,

259 1595 300 1646 at
316 1607 437 1658 suprema
453 1591 549 1644 hedera
565 1590 650 1656 cyathi
668 1592 800 1644 obtexitur
816 1609 870 1644 ora.

264 1677 328 1728 Flos
346 1681 372 1727 et
388 1674 525 1741 helichrysi
542 1675 664 1728 hederam
681 1675 802 1746 uariauit,
822 1681 848 1729 et
865 1675 939 1730 elfert
974 1733 977 1740 ,

169 1768 172 1776 “
266 1761 301 1811 Se
318 1761 417 1828 palmes
435 1762 518 1813 laetus
535 1759 621 1812 crocei
642 1759 740 1814 tructus
757 1761 784 1814 in
801 1758 905 1812 amictu.

198 1897 292 1978 lgitur
309 1903 369 1956 tres
390 1895 508 1957 frutices
521 1897 643 1956 hederae
658 1903 726 1957 sunt
747 1917 868 1978 superne
889 1897 964 1956 inter
981 1917 1013 1956 se
1026 1917 1104 1958 con·-

177 1999 302 2080 'juncti‚
336 2018 454 2078 quorum
475 1997 590 2058 brachia
610 1996 732 2056 frondea
752 2003 783 2056 et
802 2017 855 2056 suo
877 1989 971 2062 fructu
994 2007 1025 2058 et
1045 2001 1093 2058 he·

198 2099 339 2176 liochryso
361 2099 471 2169 ardent,
494 2099 542 2176 qui
563 2099 732 2156 intersertas
754 2104 814 2171 est3
837 2119 900 2157 nam
923 2093 995 2174 ἕλιξ,
1017 2101 1093 2179 quod

143 2237 148 2244 x
198 2199 226 2258 in
253 2198 352 2257 altimo
371 2217 464 2277 'versu
490 2198 611 2278 positum
639 2203 698 2269 ert,
734 2217 791 2257 non
820 2219 921 2260 nomen
948 2202 1093 2280 proprium

199 2305 243 2359 est
258 2299 381 2358 hederae
402 2299 517 2370 sterilis,
539 2300 589 2358 sed
611 2298 717 2378 palmes
729 2306 783 2359 est.
827 2301 904 2368 Tum
926 2307 985 2361 tres
1007 2321 1093 2364 areae
1167 2297 1168 2302 ἵ

198 2400 352 2481 diligenter
373 2385 583 2472 describuntur3
606 2400 727 2478 denique
748 2421 776 2461 v.
799 2404 855 2462 65:

264 2496 386 2564 Undique
403 2494 474 2548 frons
492 2497 604 2556 calicem¹
616 2496 701 2550 mollis
719 2499 764 2550 sed
783 2499 886 2553 oberrat
903 2500 1014 2554 acanthi.

197 2600 304 2678 Nempe
331 2597 406 2658 infra
434 2605 464 2657 et
491 2598 519 2657 in
546 2605 665 2677 atraque
693 2621 778 2674 ausa,
813 2605 1041 2682 quemadmodum
1065 2603 1094 2662 iu

198 2700 308 2780 poculis
324 2699 480 2758 Damoetae
501 2720 529 2759 v.
551 2704 602 2760 45.
645 2701 748 2762 Flava·
770 2693 808 2763 ibi
830 2706 935 2764 racemi
957 2706 1096 2768 seminum

198 2807 228 2859 et
249 2798 344 2863 flores,
357 2799 499 2860 coloribus
521 2799 778 2882 distinguebantur,
801 2805 896 2884 itaque
915 2806 1001 2866 etiam
1022 2805 1096 2865 folia

197 2902 320 2964 hederae
342 2907 371 2960 at
394 2899 516 2960 acanthi.
559 2901 649 2960 Simili
670 2905 753 2963 modo
775 2905 820 2965 bic
841 2926 859 2966 a
880 2907 973 2988 nigris
994 2907 1095 2968 vitium

197 3003 335 3081 pampinis
356 3001 479 3061 hederae
499 3004 626 3076 uirida
643 3005 773 3084 palmites
794 3025 856 3066 eum
877 3008 1028 3086 corymbis,
1051 3008 1094 3067 ati

197 3103 324 3172 ridetur,
357 3099 453 3172 flavis,
488 3101 591 3181 quippe
612 3105 659 3182 qui
681 3107 773 3188 magis
803 3127 963 3168 communes
985 3115 1094 3180 essent,

161 3221 168 3236 ι
197 3202 322 3264 distincti
343 3207 434 3262 erunt.

281 3308 429 3364 40-43.
473 3305 505 3362 ln
528 3303 635 3364 duabus
657 3305 741 3379 areis,
764 3327 837 3390 quae
858 3309 963 3370 hedera
984 3319 1014 3370 et
1036 3311 1094 3374 vite

198 3403 443 3474 discernebantur,
482 3405 537 3464 duo
560 3410 746 3469 simulacra
767 3411 978 3492 astrologorum
1001 3420 1093 3483 aaut,
