2280 4022
324 180 480 242 ECLOGA
503 181 550 241 lv.
574 185 718 246 abac·
902 193 967 258 ltu

66 346 155 406 amati
180 345 267 406 vitam
290 345 366 407 nulla
388 366 440 406 nec
468 367 555 427 opera
577 366 668 428 neque
688 347 786 410 labore
808 350 962 434 degebant,

65 445 212 504 fructibus
234 445 331 504 nutriti
353 447 476 507 incultae
504 455 599 508 terrac
625 455 655 507 et
676 449 758 520 civis,
786 451 833 529 qui
861 453 964 512 ciccum

64 531 166 617 enant,
191 547 287 618 lactis,
309 548 384 620 vini,
407 547 513 620 mellis,
536 550 592 608 olei
609 549 707 628 plems.
745 551 887 610 Hesiodus
901 561 965 632 post

63 649 140 706 illam
165 666 273 707 aureae
295 648 397 706 aetatis
418 648 585 730 imaginem,
614 669 695 728 quam
717 651 753 709 ad
774 671 802 712 v.
827 656 866 713 15
888 653 964 712 cledi-

62 769 139 820 mus‚
165 749 210 806 ita
231 749 328 830 pergit
349 747 403 808 Lb.
430 758 505 812 117:

134 887 171 900 —-
189 889 226 900 —
241 891 276 902 -
294 891 327 900 -
345 862 439 916 Omnia
456 864 564 932 pulchra

132 946 184 998 His
203 946 326 1012 aderent,
345 945 496 1016 lanctusque
514 947 572 1000 tulit
589 955 658 1002 terra
675 950 743 1000 alma
759 949 896 1016 quotannis

131 1031 239 1097 Sponte
256 1047 304 1082 sua
321 1033 394 1096 large
410 1034 520 1096 mnltos,
538 1029 691 1100 placidaque
709 1029 796 1097 quiete
840 1057 843 1064 ·

132 1113 287 1180 Tranquilli
304 1114 395 1165 vixere
412 1113 529 1166 homines
548 1115 692 1184 opibusque
708 1113 806 1166 referti.

63 1217 107 1274 lta
134 1215 283 1278 Pindarus
306 1216 409 1276 cecinit
436 1213 485 1276 ol.
508 1215 547 1287 ll,
583 1225 653 1289 109,
677 1215 817 1296 quomodo
839 1213 914 1276 infra
934 1217 961 1278 in

61 1317 170 1396 campis
201 1317 306 1396 lllysiis
335 1319 433 1376 eodem
456 1315 516 1376 sole
544 1325 573 1378 et
596 1324 734 1376 nocturno
757 1324 786 1376 et
807 1317 908 1376 liunno
925 1319 963 1399 pii
1020 1317 1022 1322 ’

62 1415 166 1476 Manes
190 1416 349 1475 collustrati
372 1415 466 1475 otiosa
488 1418 545 1477 vita
566 1413 711 1476 fruantur:

204 1532 261 1583 Nec
278 1533 370 1583 tellure
387 1548 466 1584 mann
485 1531 558 1598 gravi

129 1613 224 1679 Mota,
243 1630 292 1667 nec
309 1617 403 1683 pelago
423 1631 468 1683 per
486 1622 590 1667 tenuem
608 1616 702 1668 eibum.

60 1715 214 1798 Georgius
243 1715 363 1777 Fonstcc
383 1725 504 1790 narret„
527 1719 573 1778 vel
595 1719 718 1778 0tnheili
739 1719 848 1780 insulso
869 1713 964 1778 lomn-

60 1825 163 1876 netum
190 1817 310 1878 incolam
339 1817 480 1877 meliorem
512 1839 612 1898 panem
646 1817 675 1878 in
699 1819 758 1878 suis
787 1817 891 1898 Elysiis
912 1833 963 1879 so-

60 1917 194 1990 mniare,
217 1919 264 1998 qui
275 1939 312 1978 ne
323 1910 464 1978 communi
474 1921 584 1997 quidem
608 1927 637 1977 et
656 1919 713 1978 levi
735 1919 845 1978 cultura
866 1927 962 2000 egeat,

59 2019 114 2077 sed
137 2039 195 2098 quo
219 2021 253 2078 de
275 2021 378 2078 arbore
397 2013 531 2098 decerpto
546 2019 620 2078 illico
636 2017 713 2078 vesci
733 2019 827 2079 liccat.
873 2020 964 2078 lltiam

59 2117 141 2178 inter
164 2139 267 2200 pravos
288 2119 382 2178 factos
404 2121 545 2190 homines,
575 2120 670 2200 opinio
693 2125 768 2192 erat,
786 2121 882 2200 justos
903 2119 963 2199 qui-

58 2219 129 2277 dem
154 2219 273 2295 populos
294 2217 393 2276 umbra
423 2218 516 2294 eliqua
537 2220 669 2297 antiquae
690 2221 765 2277 illius
787 2218 963 2280 foecundita-

58 2317 100 2374 tis
126 2316 271 2398 gaudere3
302 2313 530 2394 quemadmodum
551 2313 656 2400 segeni¹
669 2317 746 2375 illum
767 2319 796 2378 in
820 2313 963 2397 Odysseae

58 2417 154 2490 XlX,
179 2426 257 2490 1093
274 2417 328 2496 qui
560 2403 562 2406 ⁵

133 2561 167 2570 -
184 2560 217 2570 -
234 2560 268 2570 -
286 2559 320 2568 —
337 2531 434 2598 probus
453 2515 587 2601 cultorque
605 2529 710 2584 nieorum

132 2619 263 2685 imporat,
282 2621 309 2668 et
324 2615 436 2667 validam
454 2621 560 2682 gentem
579 2617 737 2683 multamque
754 2617 902 2685 gnbemans

129 2701 236 2752 Fallere
250 2699 378 2764 justitiam
394 2700 491 2763 nescit3
509 2699 560 2752 lert
576 2700 674 2752 hordea
691 2707 760 2753 torm

131 2783 269 2838 Triticiam
287 2791 314 2836 et
330 2790 447 2848 segetem
464 2783 535 2850 regi,
554 2785 638 2852 pomis
660 2785 749 2850 gravis
767 2787 854 2851 arbor,

131 2869 205 2923 Grex
222 2868 301 2920 habet
317 2868 421 2920 assiduo
437 2867 537 2933 foetus,
562 2868 646 2936 pisces
664 2869 733 2936 parit
750 2885 849 2936 aequor

131 2951 270 3019 Imperium
289 2952 322 3003 ob
341 2952 468 3018 prudens,
486 2951 576 3022 populi
593 2953 740 3018 florentque
757 2952 805 3002 snb
822 2951 877 3004 illo.

64 3037 100 3094 Et
121 3039 149 3098 in
174 3038 292 3098 Hesiodi
313 3038 367 3096 bb.
393 3045 470 3100 225:

129 3135 257 3188 iustitiam
275 3133 392 3187 tribuunt
408 3141 506 3188 rectam
524 3137 546 3188 si
564 3133 609 3202 qui
626 3129 745 3200 populari

129 3219 166 3271 Et
183 3217 321 3288 peregrino
341 3217 454 3283 homini,
474 3233 602 3286 nusquam
619 3217 714 3270 cedunt
730 3222 757 3270 et
773 3221 806 3272 ab
824 3233 910 3288 aequo

129 3302 199 3355 Urbs
216 3319 263 3356 sua
280 3302 321 3356 liis
337 3303 429 3368 floret,
448 3303 548 3354 florent
564 3301 634 3353 eines
652 3306 678 3352 ct
695 3301 722 3352 in
739 3300 785 3352 illa

129 3387 187 3439 Pax
204 3393 231 3440 ct
248 3387 322 3440 adast
337 3386 439 3455 patriae
454 3383 530 3450 felix,
548 3401 596 3438 neo
611 3383 711 3451 Jupiter
727 3401 850 3454 unquam
949 3421 953 3430 ,

685 3451 756 3524 m*
