2380 4028
357 265 510 326 neubon
532 265 578 338 vr,
599 271 753 344 rr-‚ra
951 271 1000 338 aa

99 437 172 518 pito
192 442 302 495 mutata
328 431 551 496 arborosus
572 433 696 512 roiiquiis
723 431 847 494 earmina
868 429 999 492 annuitis

101 538 276 600 salebratoe
293 535 406 597 fabariam
423 538 551 598 Nonou
571 537 703 615 Scylla,
726 541 872 614 postquam
893 540 999 593 mnata

100 639 221 710 fuerat,
242 637 358 718 primum
379 639 590 720 odArgniienrn
609 637 827 716 promontorium
839 636 998 714 Seyiiaeum

103 759 203 822 prope
222 740 317 799 urbem
339 741 508 802 Hermionen
536 739 679 798 habitasse
707 738 827 799 videtur.
875 739 998 797 Enarra-

105 851 160 902 tor
180 841 321 921 Euripidis
341 841 453 922 Hippoi.
485 849 565 906 1200
591 839 697 911 refert,
731 848 877 919 postquam
903 839 997 898 Minor

106 963 190 1018 eum,
217 944 254 1004 sd
273 947 385 1023 puppim
407 944 486 1006 naris
507 943 671 1024 religatam,
699 961 750 1020 per
770 942 859 1000 sinum
881 941 998 998 Saroni·

106 1065 174 1106 eum
196 1045 347 1117 traxisset,
369 1027 398 1104 in
419 1064 496 1122 mare
511 1043 739 1124 praeeipitatam,
760 1043 878 1101 bestiam
894 1039 997 1100 saetam

107 1157 191 1218 esse,
212 1153 321 1206 mutata
337 1155 430 1206 moron
447 1165 503 1206 non
517 1152 620 1206 namra
637 1145 714 1224 ojus:
736 1161 791 1222 quo
807 1143 997 1204 additamento

108 1253 268 1308 monstrum
280 1245 459 1329 signifieatur
472 1267 533 1308 oum
552 1246 709 1327 parricidae
724 1245 901 1304 erudelitate.
943 1247 997 1302 Ca-

98 1337 213 1422 daver,
236 1351 341 1408 Strabo
364 1349 487 1428 vitup.
510 1357 584 1420 373,
607 1339 764 1408 Pausanias
786 1348 821 1406 li.
844 1369 870 1426 p.
894 1353 944 1419 77,
968 1352 997 1404 et

108 1451 277 1514 duraturos
295 1451 413 1528 Dionys.
435 1458 495 1512 472
518 1437 793 1528 ἰιιιιιιίιιιιι,’ΐειιιι11ιιι
814 1449 842 1507 in
864 1448 998 1506 historias

110 1559 324 1622 eonverteotes,
347 1553 383 1611 ad
405 1548 623 1633 promontorium
643 1551 800 1628 Soyiiaeuor
822 1569 909 1629 prope
926 1550 996 1607 bier·

110 1655 239 1726 misnen,
260 1654 306 1712 ubi
328 1655 529 1734 sepeliebatur,
552 1653 696 1732 appulsum
712 1661 765 1712 est.
809 1653 853 1712 De
870 1649 998 1731 pluribus

112 1755 248 1836 ejusmodi
274 1753 377 1814 iobuiis
392 1755 547 1816 Hermiooii
570 1754 780 1834 gloriabantur,
801 1755 837 1812 ad
855 1771 925 1832 quas
948 1771 996 1831 pe-

111 1858 163 1918 rtis
176 1857 273 1934 aliqua
288 1857 445 1922 diiaoerans
462 1858 490 1916 ia
503 1857 560 1916 bris
577 1855 715 1926 litoribus,
738 1875 809 1934 queo
826 1855 918 1914 caeeis
935 1874 996 1912 soo-

111 1958 186 2038 puiis
217 1955 341 2019 formoso
370 1958 577 2034 prominebant,
617 1977 674 2014 non
701 1975 798 2034 porum
831 1955 996 2032 quadrabat.

113 2060 182 2119 inde
204 2057 277 2117 enim
299 2058 334 2116 ab
356 2057 391 2116 iis
418 2041 505 2118 breue
523 2059 578 2116 iter
605 2059 640 2114 ad
661 2055 768 2115 inferos
796 2073 859 2114 esse
886 2055 996 2114 dicabo·

113 2170 173 2234 tnr3
195 2159 365 2238 qnanonibil
385 2175 436 2236 pro
452 2146 568 2218 ventura
582 2158 701 2216 mortuis
719 2157 868 2216 addebant.
912 2157 997 2216 bidem

1 2332 4 2347 Ι
113 2259 216 2338 tempis
236 2267 267 2317 et
287 2279 352 2318 aras
373 2260 488 2316 deorum
509 2257 663 2316 inferorum
681 2259 835 2329 habebant,
857 2264 887 2317 et
903 2265 997 2316 terrae

113 2359 308 2422 monstrabant
327 2359 509 2438 uoraginem,
531 2351 582 2437 per
596 2377 677 2438 quam
693 2356 829 2418 boronus
846 2360 998 2420 Cerberum
1081 2367 1086 2382 ’

114 2461 258 2532 eduxerit,
283 2461 425 2540 Pluraque
445 2459 644 2540 Proserpinam
665 2461 801 2546 rapuerit.
842 2462 997 2522 Praeterea

115 2560 169 2625 non
195 2571 303 2626 tontum
329 2562 481 2625 Lueretius
507 2561 554 2635 lV,
582 2569 653 2622 737.
677 2562 715 2634 V,
744 2570 806 2628 890
831 2571 861 2622 et
888 2564 997 2624 Statius
1060 2557 1063 2562 ’

116 2669 193 2728 ιιἸιι.Ι
209 2667 243 2738 V,
265 2653 295 2736 b,
318 2671 382 2727 280
402 2663 525 2741 Sopbiam
545 2663 607 2742 plus
629 2684 709 2724 unam
731 2673 892 2746 agnoscunt
915 2667 997 2725 serni·
1120 2670 1127 2684 '

116 2769 261 2838 mariam,
282 2766 400 2826 canibus
421 2767 605 2838 euueinetam3
627 2767 678 2825 sed
700 2767 760 2844 ipse
778 2767 912 2846 Virgilius
925 2769 996 2827 Aoo.

117 2871 160 2941 Vi,
183 2877 243 2930 286
265 2868 360 2946 piures
382 2867 565 2962 investibulo
583 2867 649 2926 Oroi
665 2868 775 2946 posuit:
798 2885 867 2944 quos
881 2868 998 2927 Servius

117 2971 225 3030 umbras
251 2969 398 3028 Nisuetae
424 2978 453 3028 et
480 2966 699 3047 Phorcyniae'
714 2966 802 3024 brisso
831 2967 998 3045 insoporata

1 3129 2 3134 ,
118 3080 175 3142 tur,
207 3057 337 3148 quoniam
360 3078 389 3128 ot
409 3069 457 3130 iiia
478 3071 630 3148 sennodum
651 3067 785 3146 quosdam
812 3075 943 3128 auctores
969 3069 1000 3130 io

118 3174 219 3255 pionem
239 3171 258 3230 i.
280 3191 307 3232 e.
324 3172 357 3232 iu
380 3171 497 3231 belluam
520 3170 652 3230 marinam
675 3187 811 3230 converso
831 3168 929 3232 fuerit.
960 3171 998 3231 ot

1 3319 2 3350 a
119 3273 182 3355 quid
204 3271 334 3332 marbonei
365 3276 429 3351 ipsa
446 3279 586 3342 monstro,
608 3271 719 3350 quaudo
740 3269 895 3330 sobuiarurn
916 3273 997 3334 sedes

1 3419 2 3448 a
119 3378 322 3446 durescerent,
350 3393 408 3434 uns
427 3393 489 3432 eum
510 3372 622 3432 sedibus
651 3370 686 3432 ad
707 3381 843 3434 terrorum
865 3377 1005 3436 terminos

124 3497 216 3558 parum
239 3477 370 3558 cognitos
391 3483 440 3536 out
462 3477 497 3536 ad
515 3474 620 3534 inferos
635 3471 862 3554 proterebantur:
901 3479 1000 3550 herbe,
