2412 4028
216 253 373 312 ECLOGA
395 255 429 312 ll.
453 255 684 316 ABGUllllll'l'l
707 255 916 315 nonnullo.
971 259 1018 320 ⁴5

119 441 209 500 quum
243 421 369 502 pluribus
396 422 476 500 quasi
505 423 685 503 prolusisset,
721 442 793 502 qaae
821 429 885 501 post
912 421 1018 502 rejecit,
1080 415 1086 420 “
1187 465 1188 472 ,

122 523 274 582 tenuitatis
296 522 419 582 mistione
431 523 460 580 in
483 524 543 582 otio
565 525 620 584 vici
637 525 720 603 patrii
735 531 931 606 argumentum
945 543 1019 581 arm·

121 624 317 696 mentalratnr,
347 642 402 700 quo
424 643 487 682 cum
510 625 666 684 'l'lreoorito
688 625 776 704 spreti
798 623 902 683 amaris
924 624 1018 682 adum·

124 723 255 784 litatione
272 725 470 783 contenderet:
505 733 549 796 et,
578 745 662 804 quam
681 725 842 804 exemplare
863 745 915 783 suo
933 723 1018 784 addu-

123 833 188 884 ctus
211 831 301 894 esset,
330 832 362 882 at
381 831 524 903 pastorem
544 825 669 886 Siculum
688 827 741 886 silri
761 825 896 906 eligeret,
920 827 1018 884 Grem-

123 925 290 984 mnticorarn
311 925 461 996 sedulitas,
484 935 639 1004 temporum
660 927 779 986 rationis
796 927 912 1006 ignara,
934 944 1018 985 veros

123 1025 252 1084 homines
272 1025 324 1084 sul)
347 1023 415 1084 ficto
433 1025 545 1084 nomine
568 1026 683 1084 odorari
704 1027 846 1086 sustinuit.

212 1127 292 1184 Anao
311 1125 429 1184 uccxl
446 1126 575 1205 eclogam
590 1126 730 1185 contendo
748 1126 879 1204 scriptam
892 1145 965 1195 esse,
986 1125 1018 1182 li·

124 1233 230 1284 matam
241 1246 308 1287 vero
319 1245 395 1286 nono
407 1226 548 1298 Dccxu,
571 1225 708 1284 Pollionis
724 1233 871 1306 postquam
884 1225 1018 1307 Virgilius

125 1327 157 1384 in
177 1325 325 1386 amicitiam
338 1326 502 1386 intraverat.
547 1327 637 1406 liujus
652 1327 694 1385 rei
707 1333 796 1386 testes
812 1327 944 1386 labeum
956 1345 1018 1390 ver·

84 1441 86 1448 '
122 1432 213 1487 saslr
236 1435 266 1485 et
290 1435 337 1498 11,
360 1427 461 1505 quinus
480 1428 558 1486 Ciria
582 1435 707 1488 nostrum
729 1428 863 1486 imitatum
885 1447 949 1488 eme
970 1449 1019 1507 ap-

122 1536 221 1606 pnret,
245 1529 319 1586 Galli
341 1535 441 1606 pollura
462 1528 528 1586 anui
545 1528 662 1586 dccxl
687 1529 732 1598 l'l,
756 1536 805 1590 74.
850 1529 925 1588 Galli
946 1531 1019 1588 eninr

121 1626 332 1688 efflorescentia
361 1635 461 1707 potina
489 1629 671 1690 unvammans
697 1629 812 1688 Asinius
838 1629 945 1699 Pollio,
978 1631 1019 1708 ip-

122 1730 186 1788 sias
208 1709 328 1799 amicus,
351 1730 480 1788 omittere
503 1747 559 1787 non
583 1737 727 1808 potuerat,
757 1730 837 1808 qnia,
867 1731 1019 1788 admiratus

122 1831 232 1899 animo,
256 1837 358 1909 poetae
380 1837 478 1889 nostro
501 1831 733 1902 consummarunt,
756 1832 836 1910 cajus
856 1829 914 1900 lric,
935 1851 1018 1908 quam

123 1949 163 1990 cx
186 1932 322 1990 Pollionis
346 1933 454 2010 judicio
477 1933 605 2011 eclogam
628 1949 707 1988 annm
731 1939 912 2001 retractaret,
934 1929 1019 1990 dores

123 2032 237 2109 aliquos
260 2033 386 2092 inserere
403 2032 507 2101 voluit,
540 2041 572 2089 at
591 2030 735 2111 ingenium
757 2031 964 2090 commendaret
984 2032 1020 2090 alr

123 2133 233 2193 invidio
259 2135 379 2192 alienum
407 2142 437 2191 et
463 2134 536 2191 idern
563 2153 625 2191 cam
647 2131 731 2190 Gallo
757 2131 893 2192 sentiens.
936 2133 1020 2197 statio

122 2235 239 2316 gratia,
271 2232 412 2290 Pollionis
434 2232 559 2288 exlrilrita
580 2232 668 2290 amieo
690 2232 790 2290 minori
823 2240 905 2302 natu,
936 2251 1020 2310 quan

123 2337 229 2412 legato
256 2350 314 2388 uua
344 2328 546 2406 displicuissem
580 2329 633 2412 ita·
647 2330 732 2388 etiam
757 2330 884 2406 reliquis,
920 2331 1020 2408 quibus

124 2431 285 2492 Pollionem
308 2429 517 2508 alloquebatur,
545 2436 663 2506 quartae
692 2435 722 2486 et
743 2435 875 2501 octavae,
903 2432 1020 2512 eclagis,

126 2532 265 2614 Virgilius
288 2531 426 2590 adductus
446 2537 500 2598 est,
523 2537 554 2588 nt
576 2529 650 2588 Galli
672 2529 781 2606 aliquos
804 2549 902 2590 versae
924 2551 1019 2611 asper.

126 2644 221 2718 geret.
906 2687 909 2694 ,

213 2737 363 2794 Caeterum
389 2740 528 2810 tamquam
555 2751 649 2812 κωμῳ
676 2731 769 2808 aliquo
797 2733 929 2808 Corydon
951 2733 1019 2792 deli-

127 2839 186 2898 oias
208 2855 275 2894 suas
302 2834 462 2912 alloquitur,
484 2833 623 2909 similique
645 2845 694 2890 eos
716 2831 809 2890 studio
831 2833 1019 2909 prosequitur,

129 2947 213 3016 elque
234 2937 309 3015 apud
331 2934 516 2999 Theocritiae
540 2934 576 2992 id.
600 2933 638 2990 ΙΙΙ
661 2933 818 2992 silvestrem
840 2932 1019 3008 Amaryllida,

128 3015 247 3118 puellam
278 3035 484 3116 pastoriciam,
508 3042 606 3112 pastor
638 3032 799 3111 caprarins;
826 3031 940 3110 juranis
966 3033 1020 3108 Gy-

128 3139 207 3216 clops
238 3138 275 3196 id.
304 3136 345 3194 Xl
373 3137 519 3196 Galateam
542 3141 740 3212 ¹prosequutus
771 3139 823 3190 ent.
876 3132 1021 3210 'l'mnpore

129 3240 202 3298 enim
223 3237 392 3306 meridiano,
423 3237 486 3294 dum
514 3234 614 3294 messis
640 3242 697 3304 est,
730 3231 877 3309 Corydon,
911 3221 1021 3310 praefe-

129 3349 192 3400 ctus
214 3347 380 3418 postomia,
393 3355 513 3418 gregem
535 3335 667 3412 relinquit
683 3333 801 3392 saltibus
822 3333 1020 3411 quiescentem,

129 3451 158 3501 et
187 3461 239 3520 per
261 3439 405 3498 maritatas
433 3437 525 3494 ulmos
554 3453 687 3514 agrorum
713 3435 748 3492 ad
783 3453 879 3492 nemus
908 3432 1021 3512 lagoum
