2444 4020
377 280 532 342 ocooon
552 279 604 353 ix,
627 247 761 341 ss-ssno.
945 282 1013 346 roo

123 452 177 512 lac
205 447 356 510 irrisionis.
399 449 458 508 Pro
485 443 657 528 Nymphas
684 443 771 506 Halo.
799 445 830 504 C
847 445 932 504 habet
952 447 1013 505 sil·

123 570 184 610 cus
206 569 224 609 a
245 569 329 610 manu
350 551 485 610 secunda.
528 551 561 608 ln
583 549 682 627 quinta
703 548 808 628 ecloga
829 547 941 618 dicitur,
963 551 1013 606 in-

124 655 246 712 ducere
258 651 415 724 fontibus
436 639 714 721 umbrasumbras
732 647 805 707 fonti
822 648 1012 724 circumdare3

124 753 186 824 lic,
219 751 364 812 immutata
392 751 532 823 dictione,
551 753 669 825 sontes
697 750 856 810 inducere
881 750 1009 821 umbra,

124 853 221 914 lenta
255 854 354 912 umbra
380 852 563 912 circumdare.
617 851 689 917 uuis
717 858 919 930 spargeret?
949 848 1012 928 quis

125 956 319 1014 induceret?
340 953 359 1012 i.
382 973 407 1012 e.
430 954 492 1031 quis
514 960 631 1012 caneret
651 973 783 1031 sparsos,
806 953 953 1010 inductosl
982 957 1012 1009 et

126 1054 250 1134 quidem,
273 1055 348 1133 qood
370 1061 471 1113 acnlru
493 1052 591 1131 adjicit
612 1053 833 1124 Taubsnaonus,
856 1071 891 1111 eo
912 1050 1013 1110 alacri·

127 1161 197 1229 tate,
221 1155 302 1234 quasi
323 1155 376 1213 suls
398 1155 496 1214 oculos
517 1153 592 1212 actio
615 1152 819 1231 subjiceretnr3
841 1152 939 1225 civi,
962 1159 1012 1213 62.

180 1239 187 1245 ’
214 1261 361 1317 21-25.
409 1255 469 1314 Aut
500 1253 563 1332 qnia
590 1252 824 1316 carminanobis
852 1253 1013 1333 pastoribus

127 1363 184 1416 um
211 1356 306 1436 lepida
332 1363 467 1428 caueret,
494 1355 577 1434 quale
598 1353 682 1425 illud,
710 1355 785 1432 quod
807 1375 864 1436 ego
887 1373 1014 1434 nupera

126 1464 172 1530 te,
201 1457 311 1528 Moeri,
338 1456 525 1516 enscultondo
547 1454 724 1528 auferebam,
752 1475 849 1533 quum,
878 1463 968 1537 gestu
985 1460 1015 1513 et

126 1557 207 1620 vultu
228 1557 359 1630 ipsitons,
381 1559 486 1634 κῶμον
506 1564 537 1616 tn
559 1557 694 1636 pulchrae
714 1556 924 1636 Amaryllida·
946 1576 1017 1637 cge-

127 1661 193 1718 resl
223 1691 265 1706 -
292 1658 410 1736 Κῶμος
435 1659 490 1718 iste
517 1665 567 1718 ant
595 1677 663 1719 vere
684 1677 702 1718 a
724 1658 846 1738 Virgilio
868 1657 946 1717 facta
967 1661 1017 1716 aut

129 1760 262 1820 simulate
294 1767 403 1822 tontum
435 1760 526 1820 libera
558 1759 708 1820 conversio
734 1759 812 1818 tertii
839 1760 929 1837 idyllii
954 1766 1018 1819 erat

128 1860 295 1931 Theocriti,
316 1858 363 1918 nbi
387 1859 509 1918 musicus
531 1860 641 1936 quidam
663 1858 810 1931 silvester,
833 1861 896 1918 dnm
919 1881 1017 1939 perso·

129 1979 193 2020 nem
221 1959 299 2041 gerit
325 1957 461 2037 caprarii,
490 1958 567 2018 canit
594 1966 624 2016 et
650 1959 753 2029 saltat,
781 1960 860 2037 quasi
883 1968 950 2019 oute
971 1981 1017 2019 so·

129 2079 214 2120 xeurn
242 2066 353 2120 ootrnnr
380 2059 504 2118 crudelis
530 2052 756 2138 Amaryllidis
782 2067 915 2138 precetur
937 2081 1018 2121 omo-

131 2181 201 2222 rem.
244 2159 418 2240 Principium
440 2165 498 2222 est:

285 2327 408 2379 Carmina
424 2343 510 2394 nnnc,
538 2326 801 2394 Aornnlli,.feran1;
831 2333 940 2396 pascunt
957 2327 1021 2382 mihi

369 2427 463 2479 caprae

202 2493 255 2547 Per
271 2499 390 2562 montes,
408 2501 434 2548 et
451 2512 496 2548 eas
514 2495 627 2548 custodit
644 2494 752 2563 Tityrus
769 2495 832 2550 illic.

286 2577 392 2646 Tityre,
416 2579 525 2633 deliciae
542 2585 647 2632 nostroe
663 2585 707 2646 tu,
731 2597 809 2648 pasce
826 2584 952 2652 capellas,

199 2662 241 2714 Ad
259 2661 345 2716 fantes
362 2665 453 2732 adigat
470 2670 512 2723 tn,
529 2664 637 2730 Tityr03
648 2665 829 2720 testiculetunr

201 2748 254 2801 Sed
271 2747 398 2814 Libycum
415 2764 521 2804 servare
538 2765 643 2816 caprum
660 2767 736 2813 cnra3
761 2750 822 2803 ferit
838 2751 891 2804 iile.
986 2813 993 2822 ,

286 2833 453 2898 OAmsrylli
470 2832 533 2884 mihi
551 2833 647 2897 dulcis,
665 2849 719 2884 oco
735 2833 845 2900 amplios
863 2839 937 2888 antro

203 2915 258 2968 Cur
274 2921 302 2968 tu
319 2916 481 2984 prospiciens
499 2933 541 2970 me
558 2916 623 2969 dicis
640 2915 801 2969 amiculum?

135 3069 204 3128 lnde
225 3076 358 3150 npperet,
380 3068 624 3148 Amaryllida
645 3071 719 3149 opud
741 3069 889 3152 Virgilium
912 3093 1023 3154 quoque

135 3169 229 3230 ficturo
264 3191 328 3230 esse
360 3170 500 3250 puellam,
533 3171 578 3231 eui
610 3169 694 3230 lictus
721 3154 866 3249 soporo
893 3177 1023 3254 caprario

135 3293 194 3332 non
226 3272 318 3330 minos
345 3271 413 3332 licto
441 3277 527 3364 cantu
554 3278 584 3330 et
610 3273 763 3334 scitatione
784 3275 894 3334 mimico
916 3277 1023 3358 egitur.

137 3373 221 3433 Serio
243 3393 366 3453 ponere,
390 3393 484 3436 semro
507 3373 647 3434 dominam
669 3376 807 3436 amatorio
828 3378 923 3436 studio
945 3380 1025 3440 Moe·

137 3475 181 3537 rio
210 3475 363 3539 convenire
391 3495 496 3551 senem,
525 3482 556 3536 et
581 3476 696 3540 rivalem
723 3478 917 3553 insidiantem,
938 3480 1025 3558 Lyci·
