2444 4020
208 284 274 346 106
470 269 626 332 ECLOGA
648 269 723 344 Vlll,
746 273 840 330 1..5‚

290 441 393 512 Pollio,
416 440 479 500 dura
500 439 528 498 in
551 437 672 498 Venetia
693 435 787 496 fuerat
808 435 891 496 anuis
912 435 1047 494 uccxu
1070 444 1101 494 et

205 543 363 614 Dccxllu
384 541 568 618 imitationem
581 561 598 598 a
610 539 731 620 l'irgilio
743 537 1097 598 PharmaceutriaeTbeo-

207 645 312 706 eniteas
330 642 460 722 petierat.
510 641 652 700 Redeunti
666 640 764 718 itaque
775 640 811 698 ad
823 641 948 698 lauream
966 635 1095 716 triumphi

206 745 271 805 duci
292 751 385 802 mente
406 751 500 821 prodtn,
524 763 599 802 nunc
620 742 828 822 gratulaturus,
851 741 984 820 eclogam
1009 759 1098 811 snam,

206 845 344 925 poeticam
367 845 448 922 quasi
470 845 589 922 aliquam
602 825 744 914 bederdm,
767 843 878 903 obviam
889 841 990 900 mittit:
1014 841 1097 922 igno-

205 967 287 1016 rans,
310 965 347 1004 an
376 945 405 1004 iu
432 966 483 1004 ore
508 947 566 1026 jaim
593 944 707 1004 Timavi
728 942 822 1018 fluvii,
852 965 887 1002 au
911 944 1000 1002 multo
1021 950 1096 1002 retro

206 1049 234 1106 in
256 1047 341 1106 litore
363 1047 476 1126 lllyrico
498 1047 608 1106 animus
630 1065 692 1104 oum
714 1053 890 1124 assequatur.

292 1147 401 1215 Quodsi
435 1147 625 1236 proficiscenti
654 1147 690 1206 ad
717 1147 927 1226 expeditionem
956 1146 1095 1225 lllyrieasr

101 1250 105 1270 “
207 1239 343 1310 Pollioni
360 1258 459 1328 poema
487 1252 541 1310 boc
568 1251 650 1308 domo
678 1247 803 1326 misisset
824 1247 981 1328 Virgilius,
1016 1267 1096 1326 quau

206 1352 301 1432 egerit
323 1352 513 1430 imprudenter
525 1350 663 1410 Pollionis
685 1331 827 1408 derebus
848 1350 952 1430 gestis·
963 1356 995 1408 et
1015 1350 1096 1408 lauro

206 1453 315 1514 victrici
337 1454 475 1530 loquensl
508 1452 619 1530 quaerit
640 1453 771 1522 Russus,
806 1451 935 1529 proxime
955 1451 1097 1530 superiori
1209 1455 1210 1472 ¹

205 1573 281 1618 anuo
303 1573 387 1630 quum
409 1553 498 1629 ipsum
522 1555 674 1612 Caesarem
697 1551 881 1612 Octavianum
903 1552 1009 1624 Pollio,
1035 1551 1096 1610 llir·

205 1653 269 1734 gilii
302 1672 378 1710 nuno
410 1653 565 1723 dominum,
600 1637 838 1734 impugnavisset,
876 1661 905 1712 et
933 1655 970 1713 ad
998 1673 1095 1732 pacem

204 1752 403 1812 Brundisinam
425 1751 579 1834 coligis'set.
624 1756 694 1814 Cum
714 1748 751 1814 ¹eo
773 1755 922 1826 exercitu,
945 1763 1096 1834 praetere·

204 1854 254 1930 ux
283 1854 419 1914 erearum
445 1863 507 1926 est,
541 1855 589 1933 qu
617 1856 645 1914 r.
675 1834 913 1916 ratramnum
936 1857 1034 1936 parum
1055 1857 1093 1916 su

205 1957 348 2018 Orientem
377 1978 427 2036 per
454 1957 603 2017 Graeciam
631 1955 674 2016 ire
702 1956 862 2018 destinatus
883 1964 961 2030 erat,
987 1957 1093 2016 Pollio-
1209 2015 1210 2046 p

140 2069 145 2076 “
204 2077 268 2118 nem
296 2059 326 2118 in
354 2060 615 2130 ammadversum,
652 2066 709 2118 tam
731 2079 821 2138 prope
843 2059 1003 2131 absentem,
1035 2067 1093 2118 tem

132 2215 140 2228 ,
203 2166 301 2220 vastas
323 2161 358 2220 ad
371 2161 552 2228 Occidentem
574 2159 709 2240 ambages
731 2161 858 2232 duxisse,
879 2161 925 2222 vel
947 2162 1024 2232 mari,
1046 2181 1094 2220 se·

79 2259 85 2265 ’
203 2262 325 2322 cundum
354 2263 475 2322 lutosam
503 2271 533 2324 et
560 2262 654 2322 nautis
682 2259 861 2322 formidatam
884 2283 963 2322 oram
985 2263 1093 2338 ltaliae,

205 2363 250 2426 vel
272 2370 367 2434 terra,
388 2385 440 2442 per
462 2372 550 2423 totam
572 2363 682 2424 ltaliam
704 2362 777 2422 fame
800 2384 975 2443 oppressam.

289 2465 370 2522 Hanc
391 2483 502 2542 qnoque
524 2465 552 2522 in
576 2467 703 2546 eclogam
726 2465 820 2544 plnres
842 2486 941 2527 versus
963 2487 1001 2526 ex
1025 2469 1093 2540 ciri,
1209 2469 1210 2492 ¹

205 2563 280 2622 Galli
308 2569 450 2642 poe'mate,
486 2563 621 2642 Virgilius
649 2566 771 2644 recepit,
799 2567 834 2628 ad
857 2569 1003 2628 caritatem
1024 2569 1093 2628 Pol·
1209 2599 1210 2654 ς

203 2663 287 2722 lionis
313 2681 422 2740 suoque
449 2663 538 2722 amico
562 2665 749 2750 probandam
781 2667 845 2730 vida
867 2669 918 2742 vl,
952 2678 994 2733 74
1016 2679 1046 2730 et
1066 2673 1094 2732 n

202 2765 232 2826 in
254 2765 415 2848 argumenti
438 2765 612 2826 narratione.

532 2991 758 3002 m—

484 3183 812 3253 Annoraca

291 3381 356 3432 t·-
372 3376 401 3432 b.
446 3367 538 3434 Poeta
560 3369 662 3442 refert,
693 3371 801 3430 Damon
824 3379 854 3430 et
876 3375 1094 3452 Alphesiboeus,
1209 3373 1210 3432 j

138 3487 141 3490 ·
203 3471 334 3531 silvarum
345 3468 523 3538 sacratissimi,
547 3491 619 3548 quae
632 3473 756 3530 carmina
769 3475 969 3534 commiserint.
1008 3478 1095 3536 blena
