2280 4022
202 264 268 330 111
307 239 309 246 ’
451 253 604 312 111111
627 252 845 314 mos-ao.

200 421 347 492 Infernae,
369 421 496 480 nimirum
517 420 593 500 quod
614 426 783 499 exspectare
805 419 924 492 licebat,
945 420 1076 502 religiosis

200 524 311 584 videtur
348 522 456 600 Sibylla
489 521 595 580 minato
635 541 699 580 esse
736 521 871 599 serpenti.
929 521 1076 582 Fallaces

200 625 304 684 herbae
325 623 444 704 veneni,
473 643 545 701 quae
576 622 693 680 salutari
721 623 815 700 speeie
836 623 981 704 legentem
1002 623 1076 682 allici-

200 733 252 785 unt
273 725 326 782 Lb.
349 724 385 794 ll,
410 728 479 784 152.
522 723 649 780 Alterum
666 725 793 782 occidet
809 743 880 783 cave
896 725 1007 804 jungas
1027 742 1076 783 oum

200 825 303 886 derha
322 828 454 896 ueneni,
487 825 515 882 io
543 823 599 901 quo
621 824 699 902 prius
720 823 788 882 illud
809 825 886 882 nullo
909 825 1025 905 negotio
1044 824 1076 880 iu·

200 925 351 1006 telligitur,
385 924 435 984 sed
467 924 502 982 ad
537 924 695 1004 aagendam
728 925 888 984 sententiae
921 927 1075 1006 gravitatem

199 1027 347 1107 repetitum
375 1027 504 1107 legatum
537 1024 766 1111 quemadmodum
793 1024 822 1082 iu
850 1025 964 1086 Horatii
990 1029 1015 1086 ll
1035 1025 1074 1084 ol.

201 1139 230 1201 3,
255 1137 308 1190 17:
344 1129 446 1188 Cedet
468 1131 601 1185 11111111
623 1125 784 1196 saltibus,
812 1137 846 1184 et
866 1129 960 1186 domo
989 1129 1074 1186 oilla·

200 1250 264 1310 que
287 1215 345 1300 -ss;
368 1231 487 1289 cedes!
526 1226 710 1299 Amometus,
735 1225 1074 1288 condimentumefrutioo

200 1352 274 1390 nuno
300 1331 409 1408 quidem
436 1331 538 1410 ignoto
568 1329 623 1398 lll,
658 1334 707 1398 89,
742 1327 840 1386 melius
874 1349 912 1390 ex
947 1328 1074 1398 Armenia,

199 1433 279 1512 pejus
309 1451 346 1488 ex
375 1431 469 1488 Media
500 1437 529 1488 et
555 1429 649 1486 Ponto
677 1427 858 1486 afferebatur.
889 1429 1073 1512 stamine,

200 1533 338 1612 quomodo
360 1530 496 1604 Arabiae,
518 1530 647 1603 Mediae,
668 1529 835 1601 Armeniae,
857 1531 957 1590 lndiae
979 1532 1029 1590 bb.
1047 1529 1074 1598 ll,

201 1642 274 1703 116,
307 1651 393 1710 saepe
421 1632 479 1690 late
505 1631 620 1712 potebat
649 1650 750 1690 nomen
778 1637 808 1690 et
834 1631 870 1688 ad
903 1653 1003 1692 omues
1033 1628 1074 1689 sub

199 1734 308 1794 oriente
329 1734 390 1791 sole
412 1723 503 1792 terras
524 1753 551 1793 v.
573 1754 603 1814 g.
626 1731 654 1790 iu
676 1731 787 1790 Lucani
808 1732 887 1816 Vlll,
919 1729 1075 1812 1911111

198 1835 297 1907 nebat3
319 1839 352 1892 ut
372 1833 494 1894 arctiore
515 1833 543 1892 iu
567 1854 601 1892 eo
624 1832 745 1892 nominis
758 1818 922 1892 delinitione
944 1834 1074 1894 abstinen-

199 1937 262 1996 dum
284 1935 332 1994 sit.

263 2044 429 2098 ’26-36,
473 2036 591 2093 Ineunte
611 2033 751 2092 Pollionis
784 2035 943 2114 exspectati
977 2035 1074 2096 adole-

197 2141 325 2198 sceatta
337 2135 455 2193 mundus
466 2136 527 2214 jam
546 2133 587 2192 ita
602 2133 711 2210 quidem
728 2122 864 2194 lustratus
888 2137 960 2208 erit,
985 2145 1015 2195 ut
1032 2153 1074 2195 sua

197 2244 298 2318 sponte
330 2235 477 2307 frumenti,
511 2234 570 2295 vini
592 2241 621 2293 et
653 2236 742 2294 mellis
776 2237 845 2295 atrii
879 2237 1002 2315 aliquid,
1033 2234 1074 2294 sed

197 2360 293 2419 parum
314 2338 343 2396 id
364 2336 523 2397 sufficiente
544 2337 642 2408 modo,
666 2337 788 2410 oriatur3
811 2357 899 2415 quare
916 2348 1074 2405 mercatura,

197 2441 296 2498 bellurn
327 2445 356 2496 et
383 2439 558 2519 agricultura
594 2438 685 2496 adhue
723 2437 842 2498 durabit.
870 2469 913 2484 -·
960 2439 1074 2498 Adole·
1118 2492 1122 2501 .

196 2544 355 2598 ocentiam
376 2545 460 2617 podta
484 2544 622 2616 tamquam
636 2546 745 2618 tempus
767 2539 901 2619 designat
921 2545 1075 2618 ingenuo-

195 2660 269 2698 rum
290 2642 414 2698 artium
435 2637 535 2713 studii,
564 2659 634 2718 quas
655 2647 766 2724 veteres
788 2640 990 2718 sapientiores,
1023 2639 1076 2700 solu

195 2739 314 2798 bominis
337 2740 440 2800 alitura
460 2761 557 2821 parum
579 2740 724 2811 delectati,
756 2721 955 2801 humanitatem
978 2743 1014 2802 ad
1034 2760 1076 2799 au·

75 2912 82 2922 ¹
194 2842 316 2922 gendam
327 2843 362 2901 ab
372 2847 519 2921 ingenuo
530 2842 726 2920 requirebant:
746 2841 1074 2920 poeaeoaletatortar,
1135 2842 1136 2883 ἶ

192 2939 433 3021 philosophiae.
478 2943 616 3023 Singulae
638 2962 765 3021 quaeque
781 2944 910 3024 speciose
929 2951 1075 3024 apparent:

193 3043 288 3120 pobsis
310 3051 340 3101 et
366 3043 484 3100 historia
511 3043 656 3122 praeclare
683 3043 761 3104 facto
789 3047 904 3104 heroum
933 3051 1077 3104 narrantes

195 3150 224 3202 et
244 3144 325 3222 liujus
348 3149 377 3202 et
407 3141 519 3224 pristini
546 3143 691 3224 temporis,
722 3146 898 3226 philosophia
919 3146 1077 3206 sublimibus

194 3243 284 3301 sensis
317 3243 423 3302 animos
461 3245 613 3304 instruens.
669 3247 812 3307 Historiae
842 3247 919 3306 'inter
954 3245 1078 3324 exempla

189 3343 287 3423 juveni
309 3345 344 3402 ad
366 3345 580 3404 aemulationem
600 3347 761 3426 proposita,
784 3349 831 3426 qui
849 3347 931 3430 regui
944 3347 1077 3428 pacifici

192 3443 243 3502 sub
266 3445 390 3504 Saturno
412 3447 497 3506 beroa
522 3446 585 3508 lore
602 3448 731 3527 jubetur,
760 3449 851 3508 Asinii
878 3449 1017 3508 Pollionis
1040 3448 1078 3526 11
