2340 4036
315 319 469 384 ECLOGA
491 320 540 384 ΙΙΙ.
564 325 710 386 52-54.
898 337 964 398 2⁰5

70 473 232 566 Effugia
254 494 284 546 et
314 494 443 552 omen
464 491 550 552 verba
571 489 732 552 certaminis
753 500 828 552 suut.
879 493 964 554 Tam·

71 599 159 647 tuna:
191 608 248 649 uua
269 589 410 664 corditio,
437 609 520 669 quam
542 611 599 672 ego
621 593 732 671 quidem
753 594 898 673 paciscor,
919 615 964 654 ar·

71 688 341 772 biter,iuteliigeas
371 697 416 750 est
449 699 480 752 et
509 711 569 754 uoa
601 695 792 775 praejudicata
822 695 963 774 omaicae.

70 786 296 851 Parthenos
324 792 360 850 ad
382 789 690 872 effictau'pertiuet,
717 795 782 865 sed,
815 797 889 874 quod
911 798 964 886 As·

71 891 201 963 censius,
239 892 443 954 Taubmauuus
481 900 511 956 et
547 894 663 956 aureos
699 895 889 972 intellexere„
927 899 963 956 ad

71 993 233 1052 musar.

158 1097 304 1156 au-ea
347 1095 432 1155 Meae
461 1101 490 1153 te
512 1095 641 1178 effugere
662 1095 751 1158 veilei
794 1097 870 1164 cain
896 1119 963 1179 aga,

70 1193 150 1273 prior
172 1193 233 1273 ipse
254 1213 356 1266 canes,
387 1195 501 1274 siquid
524 1195 623 1256 unua!
668 1197 706 1258 Et
726 1196 829 1278 pignus
856 1198 964 1278 accipio

71 1302 100 1354 et
119 1295 274 1367 arbitrum,
306 1303 340 1356 ut
360 1315 395 1356 ae
412 1296 548 1376 judicium
570 1298 690 1358 ardus:
725 1315 788 1358 ιιιιιιι
810 1317 902 1376 neque
923 1304 963 1368 tu,

71 1415 165 1475 acque
186 1397 334 1476 quicquum
359 1397 432 1460 alius
457 1397 523 1456 mihi
544 1398 683 1458 verendus
707 1398 771 1478 erit.
794 1431 836 1444 -
879 1397 964 1464 uuia-

70 1498 132 1575 uuis
152 1497 190 1556 ad
211 1505 353 1558 certamen
377 1497 471 1558 laesus
491 1499 678 1578 provocabat,
702 1499 728 1560 ei
750 1500 963 1569 decernebatur,

69 1599 111 1658 uti
140 1616 218 1660 nuuc
247 1600 275 1658 iu
303 1599 502 1660 certaminibus
530 1600 658 1662 immanis
686 1601 849 1662 ambitionis
876 1599 965 1680 prima

70 1699 188 1778 petitio,
219 1700 261 1760 ita
282 1700 357 1760 iuter
378 1701 555 1779 antiquitatis
586 1709 715 1781 pastores
736 1701 882 1762 silvestres
903 1701 965 1780 qui-

70 1801 148 1873 dem,
181 1801 232 1860 sed
255 1801 346 1883 magis
367 1803 519 1873 humanos,
551 1803 629 1881 prior
650 1811 760 1862 cautus.
803 1801 889 1877 Nam,
917 1801 965 1880 qui

70 1902 149 1980 pricr
168 1903 302 1974 canebat,
324 1901 388 1963 fieri
410 1903 518 1983 potuit,
546 1909 578 1962 ut
601 1903 717 1982 ριιιιιιῐιι
736 1902 861 1964 carmina
881 1903 966 1982 picea

69 2002 237 2064 facetiarum
266 2003 295 2063 in
321 2011 432 2082 prona
457 2005 590 2074 liaberet,
624 2003 724 2082 'quibua
749 2001 823 2062 diico
852 2003 968 2082 paribus
990 2075 1002 2088 ⁸

68 2106 216 2176 versibus,
238 2105 381 2183 leporibus
405 2124 495 2184 aeque
519 2103 642 2175 callidis,
666 2109 710 2174 et,
732 2103 757 2162 si
774 2103 866 2164 victor
887 2103 967 2168 abire

68 2205 173 2275 veliet,
195 2203 378 2282 artificiosius
402 2203 719 2281 respondere‚‘ferccis
743 2211 820 2275 erat,
843 2203 890 2282 qui
914 2223 967 2262 sua

67 2305 180 2384 injuria
196 2305 331 2360 laeserat.
374 2303 457 2360 Hunc
476 2321 580 2360 morem
597 2303 772 2362 Theocritus
792 2303 902 2380 quidem
919 2305 966 2375 Vt,

70 2411 88 2468 5
111 2409 213 2462 notum
230 2401 319 2461 fluisse
337 2401 450 2482 arguite

141 2518 317 2587 Certabatque
333 2516 419 2586 prior,
436 2513 508 2569 litem
526 2516 570 2586 qai
586 2503 705 2570 mereret
720 2515 798 2586 ultro,

140 2602 267 2670 Daphnis.

73 2709 135 2767 Huc
152 2707 216 2767 loeo
236 2707 390 2766 Damoetas
410 2704 500 2766 iratus
520 2705 635 2785 dejure
653 2725 705 2766 suo
726 2704 851 2778 decedit,
873 2713 903 2766 et
920 2708 968 2766 ad·

74 2808 227 2870 versarium
253 2807 341 2866 ordiri
358 2806 453 2886 iubet,
476 2811 508 2867 sd
528 2803 770 2887 auiditatem,
794 2807 872 2885 prius
895 2828 968 2866 cum-

76 2916 217 2968 meatatus
237 2909 277 2968 ait
289 2909 321 2979 V,
342 2917 390 2978 10,
407 2909 557 2970 autetiam
577 2909 612 2968 ab
632 2908 695 2968 aitis
712 2908 843 2969 didicerit
854 2907 905 2978 ΙΧ,
919 2917 968 2973 ³2.

78 3011 178 3070 Veruiu
194 3010 302 3070 arbiter
315 3009 351 3070 iu¹
363 3009 510 3088 pristinum
526 3009 653 3068 ordinem
670 3029 731 3068 rem
747 3007 861 3068 adducit
878 3029 904 3070 v.
919 3015 969 3072 58.

78 3111 136 3169 Sed
155 3110 305 3170 'i'ireoeriti
325 3109 354 3170 ia
377 3111 475 3189 quinto
499 3109 595 3190 idyllia
616 3111 716 3170 Laoou
739 3129 822 3190 quum
851 3111 886 3170 cd
909 3132 970 3172 cer-

80 3219 170 3271 tamen
195 3213 340 3273 Comatam
360 3233 387 3274 v.
409 3220 449 3274 20
473 3217 673 3290 provocasset,
702 3211 749 3289 qui
770 3211 859 3290 ipsum
881 3213 971 3274 iaese-

81 3319 161 3374 ratr-
175 3322 202 3387 ²,
218 3314 339 3393 superbe
351 3313 416 3374 huic
432 3310 544 3372 facilius
560 3311 708 3372 exordium
724 3313 860 3391 permittit
876 3335 903 3372 v.
914 3322 970 3376 78:
1032 3331 1037 3342 ·

113 3445 160 3496 Dic
177 3441 243 3511 a'g'e,
261 3445 284 3497 si
302 3445 363 3515 quid
381 3443 475 3508 haben
495 3442 581 3498 vivum
599 3445 645 3496 sed
663 3459 751 3496 rursus
768 3445 801 3496 ad
819 3447 908 3497 ιιιῑιοιιι

114 3529 204 3596 Mitte,
223 3545 331 3597 precor,
349 3527 457 3598 socium.
494 3527 518 3580 Ο
536 3529 639 3595 Pusam
657 3546 756 3604 mergara
774 3530 896 3592 Comatam
