2280 4022
257 363 262 368 ,
312 253 468 360 rennes
490 295 524 357 v.
546 296 696 362 ee-er.
887 309 956 374 m

59 487 157 549 purum
182 465 390 528 intellecturum
420 465 639 526 cimbeelnmr'
654 467 707 546 ΕΡ.
735 465 826 546 Mytlr.
848 469 876 541 Ι,
901 476 952 534 ²7.

59 571 100 642 ll,
124 579 154 632 8.
198 569 270 628 lirul
299 567 389 650 igitur
417 574 474 626 tum
495 568 605 629 demum
636 567 795 648 olympus
823 571 869 632 uel
890 571 955 632 uni-

58 691 170 733 versum
192 670 302 730 coelum
329 689 476 749 superum,
504 687 577 749 qnee
599 671 683 730 series
705 679 802 730 essent
823 672 955 746 decrum3

58 773 102 834 vel
123 773 187 852 ipse
208 789 297 851 upex,
320 791 391 832 arm
411 767 513 846 coeli,
535 791 623 852 snprs
640 772 759 832 medium
781 773 877 838 orbem
899 779 957 832 ter·
989 769 991 784 '

58 893 151 934 rerum
175 873 283 944 eletns,
311 872 342 935 in
369 891 425 951 qun
448 872 524 934 eires
545 873 666 933 lacteum
688 873 837 947 circulum,
861 875 956 956 Olym·

58 991 121 1054 pum
149 973 268 1034 Homeri
296 973 412 1048 imitati,
447 983 477 1032 et
512 975 594 1034 Jcris
627 975 738 1057 regium
769 983 799 1036 et
831 977 955 1056 reliques

57 1077 143 1136 cedes
166 1077 283 1136 deornm
305 1074 416 1134 mentiti
429 1081 506 1134 sunt.
550 1075 639 1136 llires
653 1077 769 1148 heroes,
792 1077 841 1136 ulii
863 1087 955 1152 erent,

58 1179 121 1256 qui,
144 1198 204 1238 nen
228 1177 412 1256 conspicuus,
440 1195 526 1256 super
552 1195 650 1236 cresso
679 1183 747 1237 e'e're
768 1177 878 1238 telluris
898 1199 955 1238 nc-

58 1287 137 1340 s'mee
159 1279 191 1338 in
213 1279 275 1358 ipsu
298 1277 422 1362 cuntiuin
448 1297 536 1338 auree
563 1277 687 1350 luneris,
719 1279 864 1340 metherius
889 1281 955 1360 qui-

58 1382 134 1453 dem,
164 1381 218 1440 sed
238 1381 322 1441 etiem
351 1387 408 1440 tum
436 1379 598 1454 creaioris,
631 1380 772 1453 habitere,
809 1380 873 1453 ulii,
903 1381 955 1460 ¹qui

57 1484 156 1546 stelles
191 1481 284 1542 fectus
322 1499 464 1561 suprsque
497 1487 591 1540 cerem
623 1487 653 1542 et
684 1483 828 1544 aetherem
861 1482 954 1543 elutus

57 1586 147 1644 denso
176 1581 291 1665 agmine
318 1583 355 1642 (le
380 1583 428 1644 vie
452 1583 545 1642 luctee
565 1582 679 1666 fulgere
701 1589 869 1656 censerent,
897 1603 955 1664 qne

57 1687 104 1747 vie
124 1686 231 1746 sensim
253 1684 412 1764 sensimque
436 1685 601 1746 emendetur
625 1683 762 1763 (leam.
785 1691 823 1748 irs
844 1685 953 1748 Arist.

58 1801 192 1850 uereor.
213 1787 252 1858 1,
275 1783 310 1868 8)
332 1785 369 1847 ed
390 1785 475 1848 ultius
489 1787 598 1848 ecelnm
613 1807 770 1870 emergere.
812 1789 852 1848 At
873 1790 953 1850 Cae-

58 1909 119 1950 ear
148 1889 283 1960 eximius,
316 1909 397 1968 quem
425 1889 546 1970 populus
566 1889 618 1948 sun
639 1889 725 1971 signe
746 1891 848 1954 steilee
868 1889 954 1976 crini·

58 1999 106 2051 tec
128 2011 249 2052 cernere
270 1991 403 2070 putebat,
425 1990 501 2048 illice
522 1995 740 2068 postmortem,
761 1991 875 2053 ‹liviuee
896 1992 973 2052 ele-⁴

57 2093 154 2152 nitetis
175 2093 291 2172 plenus,
312 2092 388 2152 inter
408 2089 504 2150 sidere
516 2089 605 2164 lucet,
629 2091 759 2170 quodque
772 2092 801 2152 in
823 2091 951 2164 Pelinuc,

57 2192 199 2264 Hercule,
221 2193 352 2264 Becein,
381 2191 518 2262 Quirine,
551 2199 616 2270 pest
637 2193 723 2252 etiem
745 2193 774 2254 iu
796 2171 964 2272 Octnpieuu

57 2292 146 2375 (Hor.
170 2295 210 2352 ΙΙΙ
232 2291 286 2350 od.
310 2301 338 2351 3.
360 2292 415 2350 Lis.
437 2293 465 2362 l,
488 2288 564 2372 50³)
586 2291 691 2352 tectum
713 2301 771 2366 est,
793 2307 888 2358 ercem
907 2313 955 2356 ee·

55 2378 207 2455 ternorum
230 2393 346 2452 deorum
368 2399 413 2452 est
433 2393 633 2474 ingressurus,
656 2395 737 2474 cnjus
751 2395 841 2474 ipsum
855 2397 956 2458 limen

57 2497 206 2572 exterius,
234 2501 341 2574 qeeutu
368 2485 462 2575 magis
495 2492 614 2554 interior
647 2495 871 2579 magnificentie,
905 2497 954 2558 ed·

60 2597 211 2656 miratione
245 2615 309 2654 euru
348 2595 453 2675 implet.
512 2595 603 2656 Simili
642 2600 723 2658 mode
764 2599 954 2660 Telemachus

60 2699 162 2778 tldyss.
185 2699 233 2770 lV,
256 2704 298 2759 74
319 2697 386 2756 etrii
407 2697 618 2778 magnificentie
639 2701 762 2762 Menelai
783 2719 839 2762 uon
863 2703 954 2762 minus

62 2801 237 2878 percellitur,
260 2818 342 2877 quem
362 2799 443 2872 iouis
465 2803 562 2860 uela:

129 2916 207 2968 Haud
225 2931 301 2968 secus
319 2931 377 2967 esse
395 2919 457 2982 puto
474 2915 545 2968 lovis
563 2915 633 2970 intus
651 2917 766 2984 Olympii
782 2915 809 2968 in
827 2919 895 2968 aula.

63 3003 133 3062 Nem
155 3003 301 3082 cumipse
325 3003 398 3064 cirin
420 3003 573 3064 divinarum
596 3004 707 3063 eedinru
728 3008 761 3060 ut
786 3002 815 3062 id
844 3023 955 3084 cumps·

65 3111 123 3180 ret,
146 3127 164 3166 e
190 3125 222 3164 se
251 3125 308 3164 neu
336 3107 477 3186 impetret.
520 3105 601 3164 Unus
623 3125 661 3164 ex
682 3102 886 3166 Hssuiensibus
907 3107 955 3166 hu·

66 3204 112 3264 bet
138 3205 285 3286 Olympo.

148 3314 296 3370 58-64.
339 3307 418 3366 Dens
446 3305 521 3366 iuter
548 3305 638 3364 relatu
666 3307 704 3366 dii
732 3308 830 3368 rustici
859 3317 888 3368 et
909 3332 958 3389 pu-

67 3415 158 3496 etpres
180 3414 237 3480 58,
268 3407 364 3470 etiem¹
381 3413 499 3486 pecatue
521 3407 629 3468 besuae
651 3417 709 3481 60,
738 3409 847 3489 ipsique
877 3411 958 3469 lecti·
1072 3397 1074 3404 ¹

67 3509 142 3572 ticeli
164 3515 274 3572 montes
296 3516 326 3572 et
347 3509 437 3590 campi
459 3516 499 3572 62
527 3510 663 3592 gaudent
707 3512 861 3573 cententio
882 3509 959 3570 lecte
