2340 4036
164 275 223 346 >sno
455 275 611 336 octoas
634 275 681 334 ιιι.
707 281 808 336 ι-ο,
937 355 943 360 ,

181 441 283 521 probro
304 459 359 498 aon
381 440 527 512 irascitur3
556 441 711 502 Damoetas
735 439 855 522 injuriae
879 437 1088 520 indignitatem

158 553 167 567 ·’
180 541 325 601 ulciscitur
344 547 439 600 nomm
459 543 575 621 loquuta
599 543 715 602 inurens
740 559 864 600 summae
883 541 1085 619 turpitudinis.

182 643 225 702 Aa
239 640 370 704 carminis
382 642 522 720 pastoritii
538 643 585 714 sit,
607 643 658 702 loos
675 661 767 700 mares
779 640 955 719 exprimeret
978 642 1088 700 '1¹lreo·

183 741 270 800 critus
283 741 392 818 quidem
411 747 441 799 et
452 741 589 822 Virgilius
606 743 700 822 ajaat3
722 741 789 802 navi
806 742 960 820 scriptores
976 741 1087 806 artium

182 838 339 900 fastidiunt.
361 841 545 920 Quamquam,
562 843 683 924 Anglus,
699 841 755 900 iter
767 841 795 900 io
810 841 947 920 Hispania
958 839 1086 913 faciens,

183 948 311 1000 rectores
328 941 462 1000 mularum
483 942 513 1001 ia
529 942 631 1002 itinera
650 941 725 1000 inter
737 962 768 1000 ae
780 943 914 1022 jocantes
926 941 1026 1013 audiit,
1052 949 1088 1001 et

184 1041 287 1100 eximio
304 1041 364 1100 sale
381 1042 537 1107 delectatus
558 1048 617 1124 est,
644 1061 698 1122 quo
717 1040 802 1102 facile
825 1041 970 1124 ingenium
991 1042 1087 1102 loomi-

168 1143 170 1158 '
184 1161 249 1200 oum
262 1142 335 1202 coeli
348 1142 494 1222 tepidioris
507 1143 620 1224 lepores
634 1162 703 1202 suos
719 1143 878 1206 condiebat.
921 1141 1085 1214 Faciamus,

182 1242 247 1300 eum
271 1243 455 1323 voluptatem,
478 1263 560 1322 quan
582 1252 763 1324 perceperat,
784 1242 867 1302 nobis
889 1243 1011 1321 probare
1030 1263 1085 1306 vo·

160 1329 286 1417 ‘luisse,
308 1344 446 1420 quamodo
469 1343 498 1402 id
522 1344 549 1404 ci
573 1343 774 1408 instituendum
802 1343 907 1404 fueriti
939 1343 1085 1404 Rectorea

185 1441 334 1514 mularum,
356 1450 470 1532 exutos
483 1444 597 1528 propria
620 1445 728 1517 indole,
751 1443 872 1526 ignavas
896 1443 1006 1522 aliquas
1030 1463 1084 1500 aa·

184 1561 238 1606 vae
263 1542 403 1602 Arcadiae
424 1543 551 1602 homines
575 1545 709 1604 mutando
737 1543 852 1604 faceret
888 1545 996 1602 Contra
1025 1551 1082 1604 est.

185 1643 405 1724 Argumentum,
432 1643 507 1722 quod
526 1643 659 1722 plurimas
682 1644 878 1702 similitudines
901 1644 1012 1710 humilis
1033 1663 1084 1704 sa-

186 1743 286 1804 lertiae
304 1743 495 1830 praebuisset,
518 1745 678 1831 eligendum
702 1743 803 1816 fuerit,
830 1745 963 1822 quidquid
985 1744 1084 1804 eximi

187 1862 283 1916 eorum
306 1844 450 1924 ingenium
472 1829 615 1917 babuerit,
638 1845 730 1918 brevi,
753 1845 803 1912 sed
826 1843 935 1904 efficaci
957 1845 1084 1924 descrip-

186 1944 264 2011 tione
289 1945 493 2026 colligendum,
514 1946 654 2026 neglectis
672 1966 708 2006 nc
735 1945 878 2007 acerrimis
903 1945 1014 2023 quidem
1035 1965 1084 2007 ca·

185 2044 376 2110 villationibus
397 2047 474 2126 ejus,
497 2047 544 2126 qui
561 2047 691 2126 princeps
709 2053 771 2110 erret
790 2046 873 2126 bajus
892 2025 1021 2104 beura-ilis
1040 2047 1083 2104 di-

186 2145 329 2218 cacitatis3
352 2146 532 2224 denique-
575 2146 724 2205 Theocriti
747 2145 859 2226 aliquod
876 2145 999 2226 idyllium
1018 2145 1082 2206 fue.

186 2245 223 2302 rit
241 2243 426 2306 efficiendum.
471 2247 591 2323 Cujus,
615 2267 648 2320 a,
672 2266 726 2306 cem
743 2245 918 2318 Plautinum,
940 2246 1082 2324 quoniam,

187 2345 246 2414 ruri
265 2352 372 2406 motum
392 2346 518 2407 relictum
538 2344 634 2428 (quale
654 2347 683 2405 in
704 2354 801 2408 uetere
820 2347 983 2426 precatione
1006 2349 1082 2426 apud

187 2447 324 2506 Catonem
345 2455 404 2508 139
419 2445 602 2529 legitate&
623 2448 720 2518 deoc,
744 2452 776 2508 ei
794 2449 857 2507 (lea
873 2465 923 2520 et,
947 2453 1083 2530 quoium

187 2548 280 2609 illud
296 2565 428 2608 sacrum
447 2543 527 2626 eet),
551 2546 579 2604 in
602 2565 732 2607 sermone
753 2548 878 2608 urbanae
890 2549 1082 2608 'consuetudi-

187 2645 232 2702 nis
253 2645 446 2714 obsoleverat:
469 2647 574 2706 idcirco
596 2646 819 2727 Virgiliomastix
841 2647 953 2710 infamis
971 2649 1083 2724 cujum

182 2763 287 2828 pecces
310 2747 534 2826 reprehendebat
557 2753 695 2825 tamquam
717 2769 813 2829 parum
835 2749 939 2810 Latine
963 2750 1082 2826 dictum,

187 2847 286 2910 eodem
305 2847 402 2920 modo,
423 2865 479 2926 quo
499 2848 589 2908 nostri
611 2848 722 2907 dicendi
742 2848 865 2918 artifices
885 2849 1082 2924 condemnant,

187 2947 328 3028 quidquid
342 2966 417 3006 nunc
437 2947 772 3036 Saxoniaeauctoritnte
797 2951 888 3015 minus
906 2950 1081 3026 defenditar3

92 3108 96 3115 ,
187 3047 225 3107 cf.
249 3069 275 3112 u.
295 3056 345 3114 90.
388 3047 519 3124 Nuper,
542 3049 626 3135 paulo
651 3057 733 3122 ante,
748 3071 812 3139 =pro
835 3054 927 3117 noda
943 3053 1013 3114 Hor.
1031 3051 1081 3124 lll,

188 3147 241 3214 0d.
260 3155 309 3220 27,
326 3155 376 3210 29.
419 3149 505 3208 blodo
522 3149 655 3216 badinum
672 3151 803 3230 quoniam
820 3171 906 3234 pecus
925 3153 1081 3224 dicebatur,

187 3247 331 3308 Menalcas
354 3247 456 3313 factam
486 3249 552 3316 inde
577 3252 810 3332 congressionem
835 3253 1011 3333 suspicabar,
1044 3253 1081 3312 de

187 3367 243 3426 qua
264 3347 405 3414 irascitur.
454 3349 550 3424 oves,
579 3352 714 3428 medium,
741 3354 844 3434 quippe
868 3354 1037 3434 oppositioni,
1056 3353 1081 3424 l,

187 3456 238 3522 74.
260 3448 313 3510 Lb.
337 3450 388 3532 lv,
419 3459 484 3522 tea.
528 3453 631 3520 ,Vetere
654 3453 778 3522 fortene
801 3453 942 3522 scribendi
969 3454 1081 3524 ratium
