2380 4028
362 289 518 356 ECLOGA
539 293 600 366 Vll,
623 301 761 359 37-40.
962 309 1010 373 85

148 462 227 514 Hono
243 457 311 528 tagit
329 459 453 527 Galatea3
472 459 520 514 tibi
536 460 584 514 aed
600 461 632 513 ab
650 477 764 529 aequore
781 458 838 513 risit
847 460 884 528 ⁶).

148 546 227 598 Nono
245 544 347 598 desero
365 546 454 612 sedet,
480 546 573 598 llnetoa
591 544 685 610 oblita,
704 545 732 598 io
749 561 840 612 arena,

148 631 262 682 Parcere
279 629 336 682 sola
353 630 433 685 boves
451 632 528 684 orbae
545 629 663 696 gaudens
680 631 712 682 ab
730 629 823 684 amieo.

116 733 200 812 Anno
221 732 306 792 aliam
326 740 454 813 poetam,
488 753 570 813 qoem
591 733 733 794 Himerius
755 704 809 794 or.⁸
826 735 854 806 Ι,
886 741 925 796 19
946 736 1005 796 lan·

116 835 176 906 ont,
198 842 296 913 partor
318 835 353 894 ad
376 837 523 896 Galateam
545 855 642 896 amnas
663 835 757 894 canit:
785 835 1007 898 Ocandoreno

116 947 151 996 et
171 937 248 996 lac!
270 935 311 996 ita
328 937 457 997 alludens
476 939 512 996 ad
531 939 714 1016 ejaanomeo.
758 936 893 1010 Nerine,
916 940 1007 1000 Grae·

116 1057 193 1109 oum,
222 1037 307 1096 Nerei
332 1037 402 1098 lilia.
444 1039 577 1118 Hybla,
610 1039 752 1116 antiquom
781 1038 859 1096 urbia
881 1039 1006 1112 Siciliae,

117 1138 257 1219 llegorae
288 1127 514 1198 allorienailroa
535 1137 652 1199 advenis
674 1139 776 1210 dictae,
798 1158 910 1210 nomen,
932 1139 1007 1218 qood

116 1237 192 1300 lama
213 1240 380 1300 servabatur
400 1240 520 1319 Hyblaei
538 1260 576 1298 ex
594 1240 687 1317 tlrymo
699 1242 818 1300 mollia.
862 1240 903 1298 1Ιοί
917 1241 1007 1300 Grae·

116 1341 179 1400 oum
205 1337 351 1418 thymum
378 1341 416 1413 V,
449 1349 491 1403 77
516 1341 577 1401 sive
603 1341 767 1416 Samreja
787 1330 940 1418 capitata
961 1341 1005 1405 L}

116 1441 198 1502 soavi
231 1441 378 1522 regionem
411 1441 547 1520 implebat
577 1443 680 1514 odore,
713 1461 795 1521 quera
822 1441 906 1502 etiam
933 1462 1007 1502 nono

119 1545 248 1604 dulcem
277 1549 386 1616 atram,
421 1547 501 1602 aria
530 1545 638 1616 dolce,
673 1543 762 1602 ltaloe
789 1551 883 1604 vocat.
926 1543 1007 1604 Deae

118 1643 260 1715 marinae,
297 1651 330 1704 at
359 1664 433 1723 qnae
465 1645 572 1704 oolibae
599 1645 691 1704 minue
719 1650 817 1704 eareat
846 1644 1006 1723 expositae,
1067 1641 1071 1652 '

117 1745 330 1825 prae-caeteris
350 1748 516 1807 candidae
536 1745 785 1817 exiatimabaatar3
808 1745 868 1816 aed,
890 1751 1007 1824 propter

117 1847 268 1906 coeruleos
292 1847 394 1926 ,oculos
421 1853 451 1904 et
471 1854 584 1920 venter,
617 1853 718 1924 postea
738 1865 849 1923 qnoque
871 1845 907 1904 ob
930 1846 1008 1904 eolo·

117 1965 178 2006 rem
206 1945 343 2004 marinam
369 1953 400 2004 et
426 1947 521 2025 algam
548 1945 657 2024 capillis
678 1945 890 2014 inhaerentem,
921 1963 1009 2023 saepe

119 2045 270 2107 ooeruleae
292 2051 342 2106 aut
362 2045 467 2106 viriles
488 2045 665 2116 nominatae,
688 2051 858 2124 postremum
879 2063 898 2102 a
918 2044 1009 2122 piato·

1 2208 2 2212 ,
120 2147 199 2206 ribos
227 2153 257 2206 et
283 2146 392 2224 poetis,
425 2144 554 2226 fingendi
580 2145 688 2216 nimiis,
722 2145 751 2204 ia
779 2151 841 2204 oete
868 2145 1009 2217 ooernlea,

120 2247 230 2324 capillis
253 2247 402 2316 viridibus,
425 2246 688 2305 deformatae-eant
709 2247 761 2322 Ep.
783 2245 871 2320 Mytlr.
894 2245 934 2316 ll,
959 2249 1010 2308 25.

118 2348 165 2407 Do
195 2344 271 2404 festa
297 2343 441 2408 hederae
467 2367 513 2406 ex
538 2347 643 2404 viridi
666 2348 832 2422 pollentio
858 2345 1010 2422 palchritu-

1 2437 2 2460 ³
119 2448 186 2508 diae
214 2467 243 2509 v.
271 2447 327 2518 ΙΙΙ,
361 2453 411 2510 39.
454 2447 513 2506 Per
534 2454 670 2505 aestatem
694 2446 780 2506 lovea
801 2445 829 2504 ia
852 2445 941 2523 septis
962 2445 1011 2504 eil·

119 2548 271 2622 veatribus,
294 2555 393 2626 pastor
413 2555 506 2607 autem
528 2547 557 2606 in
580 2565 647 2607 cosa
668 2548 703 2606 od
726 2547 924 2606 necessitatem
942 2567 1010 2606 oon-

120 2656 229 2710 atructa
257 2658 308 2708 out
329 2648 357 2706 in
380 2656 463 2708 antro
485 2669 523 2708 ex
544 2667 615 2726 rupe
636 2655 737 2709 cavato
760 2648 966 2728 pernoctabant
988 2648 1011 2718 l,

121 2757 178 2812 79:
220 2771 276 2828 quo
309 2749 337 2808 in
370 2750 443 2808 laone
474 2757 586 2808 noctem
619 2750 752 2826 Corydon
788 2749 924 2825 nymphae
957 2745 1012 2806 sibi

121 2852 241 2914 amantis
262 2851 426 2928 societatem
449 2857 579 2928 exoptat.
622 2849 793 2908 Halnienaea
815 2847 859 2904 B.
874 2848 904 2906 C
917 2865 1012 2922 repe·
1060 2843 1062 2850 ’

121 2964 198 3012 tunt
228 2953 343 3012 liabent.
398 2949 516 3008 Amator
548 2949 691 3018 modeste,
731 2945 905 3006 suavissimis
943 2961 1012 3004 asoa

1 3041 2 3046 ἵ
122 3051 308 3132 imaginibus,
337 3049 496 3121 blanditur,
524 3069 615 3127 qune,
636 3068 708 3105 sono
730 3045 876 3124 molliaque
898 3045 1012 3104 concia-

122 3173 199 3226 nae„
228 3153 256 3210 io
290 3151 393 3212 leniter
423 3149 527 3208 cadens
553 3145 659 3208 renim
686 3152 802 3204 exeant.
846 3147 1012 3226 llujoemodi

1 3297 2 3304 Ι
122 3254 286 3335 elegantiae
312 3273 370 3312 noa
398 3257 455 3310 tom
478 3257 598 3328 pareunt
621 3245 785 3320 transferri,
813 3267 896 3326 quarn
916 3248 1012 3310 similt-

49 3359 52 3370 '
123 3355 191 3426 hue,
213 3373 283 3432 quaa
305 3372 433 3433 quaeqae
453 3351 571 3431 linguae
592 3347 725 3421 offerunt,
748 3347 861 3410 referri.
896 3347 900 3354 ’

192 3503 219 3567 ·)
256 3503 291 3554 al.
325 3531 358 3540 -
392 3531 424 3540 -
459 3529 492 3540 -
527 3485 827 3554 narentanorum*
