2380 4028
361 203 515 284 ucuo'ms
535 223 596 316 uu,
618 227 762 286 rr-m.
954 231 1000 294 ra

372 389 445 444 Quae
461 386 546 442 lavitis
563 387 682 456 capillum

368 473 530 540 Purpureum
546 471 722 542 Hippocrene!

105 576 150 632 Et
169 575 368 648 Tertullianus
391 572 478 655 (ado.
497 577 605 635 Mare.
623 577 646 647 l,
671 573 733 656 13),
755 575 878 647 Jooem,
900 575 999 654 iuquit,

100 677 275 754 figerent
294 681 353 737 isti
366 678 566 750 fabularum
584 682 778 752 interpretes
797 683 833 736 irs
849 678 998 736 suostan-

108 775 203 838 ie‘am
216 781 384 851 fhrvtduer
407 775 589 858 (aetherem),
616 779 777 838 lenonem
799 783 835 837 iri
857 787 998 852 aeream,

119 879 254 940 Vestam
276 877 309 938 irs
325 886 455 958 egerem,
486 880 663 938 camoenas
685 885 721 938 irs
748 900 854 958 aquae
880 893 914 940 et
932 901 999 940 ma-
1033 945 1037 964 ,

109 999 222 1058 gnam
238 982 381 1040 Matrem
398 987 582 1040 interram.
625 981 822 1040 Thalialllusa
843 981 890 1051 Vl,
910 989 926 1040 1
950 1001 1000 1040 nu·
1019 1057 1022 1065 Ι

112 1083 179 1140 trix
201 1090 263 1142 erat
283 1083 417 1164 agricolis
438 1083 594 1161 plantarum
615 1081 845 1160 germinantium,
876 1081 1002 1160 Nympha

113 1183 220 1242 latices
241 1181 370 1247 fundens.
423 1185 460 1242 Et
481 1183 616 1262 Virgilius
637 1182 863 1252 quemadmodum
888 1182 917 1240 in
941 1183 1002 1242 Cu·

117 1287 188 1344 lice
209 1306 237 1345 v.
261 1292 299 1344 18
322 1286 418 1344 Musas
440 1284 519 1365 quasi
540 1283 650 1342 Pierias
671 1283 774 1341 Naides
796 1282 922 1355 invocat,
952 1304 1002 1344 vc-

119 1395 210 1464 toque
231 1386 317 1446 vitulo
340 1386 399 1445 llcl.
422 1387 470 1460 lll,
494 1391 532 1448 85
554 1404 659 1464 pascua
680 1384 715 1442 ab
736 1383 771 1442 iis
793 1385 884 1463 opima
904 1405 1002 1464 preca-

121 1493 187 1546 tur:
218 1485 263 1556 ita,
279 1488 352 1568 apud
374 1487 553 1566 Calpurnium
575 1487 626 1557 Vl,
661 1493 699 1546 61
728 1484 859 1564 cespitem
888 1489 1002 1548 eaedem

123 1589 206 1667 aquis
227 1589 285 1648 suis
306 1594 520 1648 exstruxerunt:
652 1583 656 1588 ’

211 1705 343 1769 Protinus,
362 1703 434 1756 ecce!
460 1709 544 1756 torum
561 1702 646 1756 secere
663 1703 710 1754 sub
726 1700 785 1754 ilice
801 1703 902 1756 Musae.

127 1807 247 1866 Noster
267 1827 359 1877 amor,
392 1825 461 1884 quas
487 1823 540 1864 nos
567 1825 663 1864 omnes
692 1825 822 1864 amamur.
867 1806 1003 1878 Codrus,

86 1923 91 1932 ·
128 1908 223 1968 fictum
240 1907 362 1985 pastoris
378 1927 495 1977 nomen,
518 1907 564 1966 cui
585 1927 646 1965 cum
668 1906 730 1966 aliis
747 1907 869 1984 ejusdem
885 1908 1005 1966 nominis
1084 1967 1085 1970 ,

129 2007 258 2089 personis
280 1997 347 2066 nihil
369 2025 510 2076 commune
532 2013 584 2064 ert.
625 2007 802 2076 Proxima,
830 1999 910 2066 deest
929 2027 1006 2066 car-

129 2115 228 2180 mina,
250 2109 376 2170 versibus
397 2107 505 2166 Phoebi
524 2105 608 2178 facit,
631 2107 704 2185 quod
726 2107 841 2168 Servius
863 2109 1005 2168 etrlscen-

131 2212 189 2269 s'ms
211 2230 248 2268 cx
270 2211 409 2288 prioribus
431 2209 549 2278 adduct,
582 2215 611 2266 et
630 2209 805 2266 Burmannus
831 2229 914 2269 versu
934 2211 1007 2269 Aen.

131 2313 211 2384 Vlll,
242 2303 319 2392 42'7,
344 2312 491 2382 fulmen,
524 2329 608 2388 quae
632 2311 780 2385 plurima
810 2341 866 2381 -,
897 2311 1005 2370 suadet.

132 2415 176 2472 lta
196 2412 307 2471 taudem
325 2413 462 2484 facere,
495 2414 602 2483 ποιεῖν,
634 2410 746 2490 diguam
772 2410 856 2470 habet
881 2418 1007 2491 potesta·

131 2523 196 2575 tem.
241 2513 365 2582 apodes
378 2533 442 2572 mose
453 2531 627 2589 possamus
645 2533 750 2588 omnes
768 2513 923 2572 istiusmodi
944 2534 1005 2576 cur-

132 2617 205 2676 mina
231 2613 372 2685 invenire,
410 2613 464 2672 arti
491 2633 546 2695 ego
575 2613 715 2674 renuntio.
763 2615 824 2674 lloc
855 2617 1004 2694 proverbio

132 2719 208 2789 vul,
224 2725 263 2778 63
286 2735 318 2774 se
336 2733 420 2774 unum
438 2716 472 2774 de
487 2715 579 2774 multis
594 2717 719 2774 modeste
740 2735 804 2774 esse
819 2715 913 2795 fingit.
948 2717 1005 2782 aui

133 2826 221 2880 artem
241 2817 397 2876 ¹abdicabat
423 2835 515 2886 suam,
550 2815 575 2874 is
601 2817 654 2874 deo
681 2817 897 2893 suppellectilem
927 2837 1005 2874 suam
1130 2881 1133 2891 p

133 2918 279 2996 suspendit
311 2916 441 2996 praesidi.
489 2917 532 2974 lta
551 2917 703 2988 fistulam
716 2951 718 2954 -
732 2917 865 2993 Corydon
897 2915 1006 2976 cuinam

136 3019 185 3078 alii
201 3026 392 3097 praeterquam
406 3017 502 3088 Persi,
524 3016 652 3076 carminis
668 3015 763 3074 rustici
780 3018 817 3088 ll,
835 3023 886 3076 31.
901 3017 947 3088 lv,
964 3021 1004 3082 58

135 3119 290 3199 magistrol
315 3121 428 3188 Eidem,
448 3117 561 3176 Fuerat
579 3117 625 3186 Vl,
649 3123 689 3176 27
709 3115 813 3176 Latino
834 3118 944 3178 nomine
965 3119 1006 3180 di·

136 3228 193 3292 cto,
215 3240 303 3280 senex
318 3227 427 3300 quoque
440 3217 598 3278 Nemesiani
611 3217 729 3295 Tityrus
745 3220 769 3294 1,
793 3225 832 3280 14
849 3237 926 3280 suom
945 3241 1004 3290 sur·

135 3322 247 3403 pendit:
640 3395 644 3406 Ι

236 3438 294 3490 Jam
310 3453 366 3492 mea
381 3436 506 3491 roncolee
522 3434 649 3504 dependet
663 3432 747 3488 firtule
763 3435 863 3488 Fauno.
