2280 4022
159 257 226 320 ros
266 310 269 316 .
392 248 563 334 *ncuoos
583 249 630 310 ιν.
654 252 804 315 ss-m.

228 411 346 480 Currite,
365 411 487 467 ducentes
505 413 664 477 subtemins3
682 411 792 478 currite,
810 409 875 464 fusi!

167 516 205 576 Et
227 515 483 576 dictionisoudnoiu
496 522 526 575 et
537 515 740 594 compositione
761 515 911 576 verborum
933 514 1060 576 distorte

157 615 278 696 spiritus
299 623 396 676 noster
422 624 509 696 poete
535 617 659 676 imitatus
687 623 732 674 est
761 615 985 675 benedicentium
1006 617 1058 676 de·

163 736 242 776 nrum
264 718 405 776 ardentes.
448 717 520 776 Loci
551 717 709 796 hujusmodi
732 717 879 776 concordis
907 717 1060 794 requirunt

163 817 315 896 spirantem
342 817 563 895 eloquutiouem,
600 817 647 895 qui
679 817 789 876 ardoris
822 817 1056 888 exsuitutionem,

163 937 252 996 supro
279 918 396 976 sedatae
418 917 556 978 orationis
584 917 742 990 incessum,
772 937 882 996 queque
903 917 933 976 in
955 918 1058 998 lingna

165 1037 222 1076 non
244 1017 326 1078 nimis
348 1018 479 1097 impedite
500 1019 631 1097 persequi
652 1017 733 1078 sciet.
777 1018 895 1076 Versum
911 1017 1056 1078 Concor-

163 1119 221 1178 des
251 1119 478 1201 ...Virgilius
502 1119 631 1198 petebat,
665 1117 834 1199 gravitatem
862 1117 890 1176 ei
917 1118 1055 1198 adjiciens

154 1221 310 1293 fatorum
331 1221 442 1300 adjecto
456 1219 596 1298 pondere,
619 1218 654 1280 ab
675 1239 729 1278 suo
741 1225 779 1278 ¹et
789 1218 928 1277 Pollionis
945 1219 1054 1297 juvene

163 1321 253 1380 emico
289 1321 371 1380 Gallo
407 1321 462 1392 Vi,
498 1325 550 1394 74,
595 1319 675 1399 cujus
712 1319 741 1376 in
774 1318 833 1378 tiri
861 1338 962 1380 versus
994 1323 1055 1382 1²5

162 1420 207 1480 hio
229 1427 287 1478 est:

228 1517 377 1572 Concordes
394 1516 480 1571 stabili
496 1516 631 1570 firmarunt
647 1515 753 1570 numine
769 1517 876 1570 Parcae.

245 1626 394 1683 sss-49.
436 1621 544 1692 Poeta,
565 1639 669 1682 nureee
690 1619 793 1680 petetis
802 1619 886 1699 pleno
907 1616 1047 1680 felicitate

160 1719 298 1780 Pollionis
320 1721 406 1780 filium
428 1721 517 1782 virum
538 1719 641 1780 fectum
663 1740 747 1799 quum
768 1720 861 1780 animo
882 1721 1050 1799 conspiciet,

129 1822 309 1900 -compeliet
335 1842 413 1893 eum,
443 1829 476 1880 ut
503 1824 712 1899 amplissima
745 1840 897 1900 quaeque
924 1820 1049 1881 ciuitatis

110 1911 113 1916 ¹
159 1943 314 1994 munera,
341 1943 397 2002 quo
425 1922 525 1982 ordine
551 1942 602 2001 per
628 1941 719 1982 onuos
747 1921 845 1992 licent,
872 1921 909 1980 ud
930 1940 1050 2002 regnum

160 2043 251 2104 usque
289 2025 453 2084 consulatus
491 2043 519 2084 v.
572 2030 621 2084 17.
650 2021 783 2100 deinceps
814 2023 1052 2100 aggrediatur.

161 2126 305 2192 Quaestor
336 2144 401 2184 esse
434 2124 554 2182 debehat
588 2141 724 2182 sonorum
757 2122 882 2193 XXVil,
924 2122 1053 2180 tribunus

160 2224 249 2304 piebis
271 2223 368 2298 XXX,
392 2223 492 2294 sedilis
523 2223 628 2286 curulis
653 2223 812 2295 XXXVII,
843 2228 958 2301 pruetor
986 2221 1051 2294 XL,

162 2325 261 2386 consui
282 2325 388 2386 XLili.
433 2325 524 2386 Cara
546 2325 663 2396 dieitur,
685 2324 714 2382 id
736 2331 781 2382 est
804 2322 948 2384 beneficiis
963 2341 1053 2400 ‚orne

161 2426 271 2486 tissime
292 2430 387 2488 mor
410 2427 560 2498 suboles5
589 2426 692 2504 quippe
724 2425 803 2504 cujus
831 2425 974 2484 meliorem
996 2423 1054 2484 nni-

165 2547 251 2598 mum,
273 2533 305 2586 ut
325 2526 465 2605 primitiae
487 2533 563 2586 esset
584 2547 689 2588 eureos
710 2525 852 2584 hominum
873 2526 986 2606 gentis,
1022 2523 1053 2583 li·

164 2627 332 2706 quidisrimo
350 2627 385 2686 de
407 2627 521 2686 oethere
544 2627 582 2690 dii
604 2628 757 2688 desumtum
775 2627 954 2686 demisissent
974 2645 1003 2686 v.
1023 2630 1053 2688 7.

164 2727 274 2794 Quodsi
307 2728 456 2806 Pomponii
485 2735 563 2798 recte
596 2749 627 2788 se
654 2730 772 2788 heberet
803 2727 913 2806 opinio,
948 2747 975 2788 r.
1007 2735 1053 2796 10,

165 2829 239 2908 quod
260 2829 405 2888 Polliones
427 2830 462 2890 de
484 2831 629 2909 Apolline,
657 2829 754 2910 gentis
775 2837 907 2899 ouctore,
938 2825 1053 2908 gloriati
1139 2866 1140 2875 η

165 2930 236 3004 sint3
265 2930 349 2991 etiem
370 2930 488 3011 spissior
510 2937 586 2990 esset
607 2930 769 3009 appellatio.
812 2929 954 2990 Suboles
976 2935 1054 2989 vetu-

165 3042 237 3090 stum
259 3053 311 3111 pro
333 3031 476 3102 soboles,
498 3032 573 3109 quod
595 3051 741 3110 perperam
764 3030 909 3101 scribitur,
932 3049 980 3088 res
1003 3034 1053 3098 est,

164 3151 221 3210 qun
242 3151 388 3214 augemur.
431 3131 543 3190 Primus
564 3130 630 3190 fons
651 3132 730 3192 verbi
751 3139 796 3191 est
817 3135 908 3192 olere
925 3137 1054 3209 pervetu-

166 3241 254 3305 stum,
276 3233 305 3292 id
327 3238 371 3292 est
390 3251 522 3305 creare,
549 3253 699 3294 erescere
721 3240 750 3292 et
772 3233 882 3293 dicendi
904 3237 1053 3292 cousuetu-

166 3333 231 3393 dine
253 3336 384 3394 odorem
411 3353 595 3414 spargere,-
628 3354 691 3392 nom
719 3334 813 3394 omnis
838 3333 926 3395 verbo
954 3332 1053 3400 active,

170 3441 310 3514 quotquot
346 3453 477 3494 sensuum
516 3443 546 3494 et
585 3434 787 3516 cogitationum
817 3441 897 3506 sunt,
941 3434 1053 3512 primum
