2462 4028
403 239 557 298 ucrrouu
579 240 619 323 u,¹
639 245 773 300 31-cc
961 247 1027 310 arc

137 404 246 466 nesab
274 401 376 464 officiis
403 407 475 485 petit
501 406 545 466 sui
571 405 709 479 muueris,
743 427 827 486 quum
852 408 942 486 pastis
969 429 1026 468 nau

136 515 247 568 tautum
269 507 424 586 quibusque
445 507 625 580 animalibus,
653 509 705 568 sed
731 507 816 568 ctiam
838 507 907 568 feris
928 509 1028 569 bestiis

138 617 168 669 et
199 609 323 689 piscibus
354 607 512 668 litoralibus
538 616 699 688 praeesset,
732 610 827 689 itaque
854 610 916 670 sinc
942 611 1027 671 dubio

137 731 196 770 nou
213 711 313 784 miuus,
334 728 416 789 quam
427 709 556 788 Priapus,
579 711 649 770 deus
661 731 795 792 agrorum
806 712 1026 791 Lampsacenus,

137 833 189 894 pro
212 813 332 888 apthas
354 831 466 890 quoque
487 811 635 894 agricolae
657 832 752 873 curum
773 809 900 894 gereret.
923 813 1027 878 Quam-

138 915 235 974 obrem
266 914 295 972 in
323 909 498 993 Autbulogin
529 906 708 990 μελισσόος,
745 926 886 974 motator
915 933 1024 989 apum,

136 1016 329 1096 praedicatur,
352 1021 382 1074 et
402 1015 475 1092 apud
498 1013 684 1073 Theocritum
705 1018 732 1073 ei
756 1017 787 1088 V,
811 1020 851 1076 58
874 1034 931 1072 nou
952 1017 1027 1074 lactc

138 1124 256 1189 tautum,
279 1117 330 1189 sed
352 1116 436 1176 etiam
458 1115 540 1174 melle
561 1115 673 1174 litatur:

240 1233 308 1284 Octo
324 1223 413 1284 feram¹
423 1205 497 1284 lactis
513 1229 579 1282 Pani
596 1229 739 1283 mulctralia
755 1233 842 1298 plena,

238 1317 326 1384 Atque
342 1315 416 1369 faros
433 1314 539 1368 calathis
557 1315 659 1367 octonis
676 1317 753 1368 melle
770 1317 892 1382 repletos.

100 1485 102 1494 χ
141 1423 250 1501 Cytisa*
272 1421 409 1480 culturam
430 1421 453 1492 l,
474 1425 526 1493 78,
548 1437 659 1498 quoque
681 1441 781 1498 apum
801 1420 831 1478 iu
851 1439 947 1492 usum,
972 1423 1027 1478 Co-

137 1523 260 1594 lumella,
282 1521 464 1581 Florentiuus
486 1522 690 1594 commendant,
713 1521 1027 1600 etquistandemnoul

137 1626 223 1705 Apes,
245 1623 355 1683 Plinius
376 1623 476 1702 iuquit,
498 1630 615 1684 auctore
635 1623 799 1682 Democrito
821 1629 851 1682 et
871 1622 1027 1702 Aristoma·

138 1729 201 1803 cbo,
224 1745 360 1804 nusquam
382 1727 511 1797 deerunt,
531 1725 580 1784 ubi
602 1725 685 1803 cytisi
707 1724 762 1782 crit
782 1724 922 1801 pabulum.
949 1725 1027 1785 Scri·
1094 1747 1097 1758 ¹

138 1836 194 1902 tur,
217 1827 291 1906 quod
312 1825 496 1884 Dioscorides
517 1824 646 1895 tradidit,
669 1825 773 1883 circum
795 1824 936 1898 alvearia,
957 1845 1026 1904 quo·

137 1931 212 1990 niam
234 1946 304 2006 apes
325 1925 421 1984 allicit.
452 1925 634 1983 Florentiuus
655 1924 775 1984 addidit:
799 1925 931 2002 quoniam
952 1941 1028 1988 noua

137 2029 269 2090 examina
294 2027 424 2086 lubenter
449 2025 478 2084 iu
506 2045 541 2084 aa
570 2024 711 2096 residunt,
749 2023 871 2104 indeque
896 2025 926 2084 iu
952 2045 1027 2088 nora

137 2153 208 2196 rasa
228 2127 451 2192 commodissime
472 2127 659 2186 attrabuntur.

265 2236 410 2292 31-34.
454 2227 553 2288 Gallus
578 2228 694 2299 alliis,
724 2227 960 2310 castigatoribus,
990 2229 1026 2286 ad

137 2333 356 2396 misericordium
382 2336 527 2410 pastorum
553 2348 721 2392 conversus:
755 2330 834 2411 Age,
860 2348 956 2391 verum
978 2329 1025 2400 sit,

137 2440 242 2517 iuquit,
269 2441 301 2494 ut
322 2435 409 2493 Auror
434 2431 583 2510 lachrymis
609 2451 665 2490 non
687 2429 831 2505 mitescnt3
857 2438 950 2490 tamen
972 2451 1024 2492 vos

138 2537 260 2622 (utinam
286 2534 385 2594 faxitis
393 2531 414 2614 !)
447 2534 482 2593 de
507 2553 552 2593 me
578 2553 682 2594 cancre
707 2533 853 2613 poteritis,
887 2534 1022 2618 Arcades,

119 2641 262 2701 ‘dolorem
288 2657 379 2697 meum
400 2636 538 2716 quomodo
559 2635 675 2696 aluerim
697 2641 727 2694 et
747 2642 873 2696 mortuus
894 2635 958 2695 sim!
980 2668 1023 2680 -

135 2742 207 2802 Pari
228 2739 396 2810 constantia,
418 2757 450 2802 sc
471 2737 564 2798 animo
586 2758 639 2796 suo
661 2737 817 2798 devoveudi
838 2742 942 2808 certus,
964 2736 1022 2794 Da-

111 2871 112 2874 *
136 2842 219 2922 pbuis
244 2839 394 2900 Theocriti
428 2859 519 2918 nequo
545 2837 687 2896 Mercurio
714 2843 743 2895 et
775 2836 934 2923 pastoribus
958 2857 1023 2915 pcr-

137 2941 342 3012 cunctantibus,
364 2953 454 3016 neque
475 2938 633 3000 cavillatori
642 2936 747 3016 Priapo
768 2935 872 3015 aliquid
892 2938 1022 3016 responsi

137 3046 195 3117 dat,
217 3045 308 3103 donec
329 3039 450 3099 Veneris
471 3039 498 3099 ei
518 3037 612 3098 irrisio
632 3038 716 3098 bilem
737 3045 844 3112 movet;
867 3038 890 3110 l,
912 3047 967 3100 92:

202 3159 299 3226 Nilque
315 3155 441 3207 bubulcus
458 3155 495 3208 eis
511 3154 680 3222 respondeus,
698 3169 789 3223 passus
806 3169 920 3206 aurorem

203 3243 287 3310 Ipsius
304 3245 344 3294 est
360 3253 456 3306 acrem,
473 3241 708 3308 Parcaspassurus
726 3239 833 3308 etipse.
926 3303 928 3314 A

135 3353 181 3410 Dc
212 3346 344 3407 cantandi
378 3345 481 3425 peritia
506 3344 644 3404 Arcadum
674 3345 711 3404 ad
737 3344 803 3416 Vll,
836 3350 856 3404 4
889 3344 1018 3404 diximus.

136 3449 446 3538 Manta'duaccrtrr‘r,
468 3447 549 3528 quasi
558 3445 790 3519 auscultantibus,
806 3448 1018 3508 resonantibus:

1227 3415 1230 3471 i
